3290 5266
577 496 619 507 ...
661 464 725 526 217
767 498 811 512 ..
951 458 1244 528 [Ieremia—20.

159 628 300 713 prohibet
322 630 442 699 dioana:
476 635 537 717 Qui
558 633 606 700 di·
634 630 793 711 dominus,
806 635 839 696 et
849 630 961 715 utique
969 651 1133 698 auooessua
1142 632 1244 698 exitus

160 718 270 781 miserit
297 737 426 785 uxorem
459 739 552 785 samm
578 726 607 786 et
633 718 716 792 aius,
756 717 944 783 illicitorum
968 717 1242 783 matrimoniorum

159 800 250 867 oliam
264 801 396 887 emam,
415 805 607 871 adulterium
633 808 666 869 ot
696 805 726 845 ¹⁴
734 803 886 872 adulterii
913 802 1056 887 ¹⁶figura
1085 803 1242 870 iaculatus

157 887 357 956 ”committit
415 892 479 974 Qui
499 891 606 957 diram·
633 888 736 954 estin
759 888 935 971 Herodem,
967 890 1146 956 adulterum
1166 909 1241 975 pro·

155 993 219 1039 som
244 995 266 1038 o
291 977 359 1042 siro
384 976 524 1058 duxerit,
553 997 606 1042 ao-
633 975 783 1040 nuntians
819 974 915 1040 otiam
944 977 1000 1059 qui
1028 975 1191 1042 dimissam
1219 998 1241 1041 o

157 1059 353 1141 quaedem
366 1068 420 1129 est.
442 1062 540 1128 Maro
552 1063 605 1128 IV.
631 1063 698 1126 viro
732 1060 876 1127 duxerit:
910 1082 974 1145 quo
1003 1062 1106 1146 magia
1129 1062 1240 1145 impie-

158 1164 182 1208 3.
204 1148 251 1209 34.
272 1166 305 1229 p.
328 1151 400 1214 324.
631 1151 731 1212 tatem
753 1145 889 1213 Herodis
917 1153 1066 1213 oneraret
1093 1148 1148 1235 qui
1175 1169 1240 1213 uon

238 1231 299 1313 Qui
311 1233 474 1317 dimiserit,
490 1234 605 1321 inquit,
631 1231 734 1298 minus
770 1237 875 1298 morto
906 1254 1002 1317 quam
1031 1234 1165 1318 repudio
1192 1234 1242 1299 di-

154 1336 274 1382 morem
301 1325 330 1385 et
351 1319 451 1386 311313
471 1321 604 1405 duxerit,
631 1321 762 1385 missam
791 1341 813 1383 o
839 1321 907 1385 viro
936 1319 1083 1400 duxerat,
1118 1325 1150 1385 et
1169 1320 1239 1397 hoc,

154 1401 338 1470 adulterium
357 1409 518 1476 commisit.
559 1408 605 1477 Et
630 1402 729 1471 fratre
751 1403 890 1470 habente
912 1405 1061 1471 axillam
1076 1404 1183 1485 filiam,
1206 1410 1240 1471 et

154 1489 203 1568 qui
236 1510 257 1553 a
289 1494 406 1557 mnodo
441 1493 605 1562 dimam
631 1489 680 1554 vel
710 1510 748 1556 eo
776 1491 905 1556 nomine
935 1491 1085 1556 ”illicita
1107 1512 1146 1556 ax
1166 1491 1240 1557 libi·

154 1572 277 1655 daserit
292 1595 397 1660 aequo
411 1578 537 1646 adulter
550 1589 604 1650 est,
630 1576 725 1655 diuis,
747 1596 812 1641 non
833 1577 974 1661 exlegis
995 1577 1164 1643 instinctu:
1202 1598 1241 1642 ao

154 1656 322 1727 11313111.
345 1683 372 1728 o.
395 1669 445 1730 34.
466 1685 498 1747 p.
522 1672 593 1734 325.
614 1659 803 1745 ipropterea
829 1662 1006 1747 propheten
1036 1684 1163 1748 quoque
1189 1685 1239 1728 as-

629 1752 784 1813 sertorem
812 1747 893 1831 logia
922 1748 1092 1815 occiderat
1140 1749 1239 1817 Maro.

502 1890 505 1897 .
629 1833 682 1899 IV.
706 1853 731 1897 c.
754 1838 805 1900 34.
828 1855 860 1917 p.
882 1838 954 1903 328.

674 1924 820 1986 19-31.
848 1920 1052 2005 Subsequona
1073 1941 1240 2003 argumen-

628 2009 697 2069 tum
727 2006 835 2072 dioitis
859 2007 948 2090 opud
967 2009 1085 2090 inferos
1107 2007 1240 2074 doleretis

628 2095 662 2154 et
681 2095 838 2174 pauperis
865 2095 901 2160 im
927 2095 1002 2159 aima
1019 2092 1237 2159 3543113314-

630 2179 822 2258 quiescentis.
875 2179 972 2246 Maro.
1001 2178 1055 2246 lv.
1080 2199 1107 2244 e.
1130 2184 1182 2244 34.
1206 2201 1237 2264 p.

711 2347 796 2414 Illud
938 2348 1043 2433 ipsum
1087 2349 1240 2417 cohaeret

627 2434 782 2499 mentioni
803 2433 934 2499 Ioannis
956 2434 1039 2500 male
1058 2436 1192 2501 tractati
1206 2442 1240 2502 et

628 2519 853 2603 ¹⁷suggillatui
874 2520 1012 2585 Herodis
1033 2521 1117 2587 mala
1140 2524 1238 2588 ¹⁸ma·

627 2605 730 2685 rituti,
773 2606 940 2690 utriusque
980 2607 1098 2671 exitum
1135 2607 1239 2673 desor-

627 2712 735 2770 mans,
761 2692 899 2757 Herodis
920 2699 1073 2759 tormento
1094 2699 1126 2759 et
1145 2692 1238 2758 Ioan-

627 2778 677 2842 nis
712 2778 886 2862 refriperio.
936 2778 1034 2844 Maro.
1056 2778 1111 2843 IV.
1138 2800 1165 2844 o.
1186 2783 1236 2845 34.

625 2885 647 2946 p
671 2952 720 3014 22.
742 2948 918 3033 Aspernati
939 2948 968 3013 ai
988 2948 1072 3015 forte
1086 2949 1236 3016 inridre-

625 3035 684 3100 lme
718 3037 792 3101 simu
827 3035 1060 3118 exspectandae
1095 3056 1237 3100 resurre-

627 3120 739 3186 ctionis
753 3120 903 3186 solatium
929 3122 1106 3205 ¹'carpere
1130 3122 1235 3187 Anim.

626 3227 653 3276 c.
675 3209 725 3271 55.
748 3228 778 3289 p.
802 3210 874 3272 325.

712 3292 821 3359 Stolae
849 3291 1072 3376 martyriorum
1099 3312 1237 3391 praepa-

624 3383 752 3457 rantur,
781 3379 888 3464 ampeli
908 3378 1009 3445 imiuli
1030 3383 1236 3444 susanentur.

625 3470 655 3544 [1
678 3463 835 3546 Thoar,
857 3469 906 3531 16.
931 3466 993 3552 m]
1030 3463 1111 3531 uult.
1136 3485 1162 3529 ο.
1188 3468 1235 3530 13.

623 3572 655 3634 p
668 3638 803 3701 22-26.
827 3634 861 3701 Si
883 3656 955 3700 cum
976 3635 1104 3702 saeculo
1120 3635 1238 3719 ’0333-

623 3720 756 3803 domua,
798 3720 971 3788 verendum
1005 3727 1055 3787 ost
1088 3743 1129 3788 ne
1164 3743 1237 3788 cum

180 3908 250 3987 Ι,13)
274 3907 310 3965 11.
327 3910 388 3990 3⁴⁷·
408 3914 527 3992 naemu
543 3911 668 3996 aneni.
686 3918 798 3969 mmm
813 3913 886 3970 Pan.
903 3944 956 3996 -·
975 3917 1019 3981 m)
1039 3914 1073 3968 11.
1091 3919 1150 3970 113.
1168 3919 1235 3995 aum

147 3974 294 4098 diidfmss
300 3977 581 4113 Rimvdieiaffi
595 3983 671 4108 ifmqss
690 3982 1236 4123 5⁷)¹1⁵1³it't“'.i¹.t.tt⁸⁹ttffli¹d}

147 4110 189 4163 rel.
203 4142 235 4153 —
272 4116 319 4185 13)
337 4122 442 4171 maeoti
458 4118 542 4190 Gagn.
561 4121 591 4175 in
607 4137 698 4190 marg..
716 4135 748 4175 ex
767 4122 835 4177 coni.
845 4121 977 4178 Rhenani.
993 4127 1094 4177 meritati
1109 4123 1196 4180 Rhen.
1214 4129 1235 4183 1.

148 4176 222 4249 (11514
238 4182 334 4243 Galen.
351 4186 426 4242 Pam.
444 4187 504 4258 Rig.
521 4193 611 4243 imitati
628 4190 651 4245 F
652 4207 673 4244 r.
690 4189 842 4246 133133-
862 4192 908 4259 19)
925 4192 957 4249 IL
969 4195 1027 4249 642.
1045 4208 1135 4258 samem
1152 4192 1236 4263 Gagm

148 4244 215 4305 Pam.
233 4254 380 4322 mperaral.
402 4286 431 4297 -
467 4258 514 4328 2⁰)
532 4258 553 4312 1.
570 4261 613 4317 88.
630 4263 776 4327 medebimur
792 4260 878 4329 Agob.
896 4259 1023 4331 (Belum).
