2874 5262
518 493 712 553 ..5-

71 661 190 741 rilinde,
212 662 354 728 usshalb
377 662 462 728 donn
484 661 568 728 auch
600 684 662 729 von
682 662 797 728 Petrus
818 663 902 728 Allix
926 663 984 731 das
1008 664 1164 733 Geburts-

67 765 135 851 jahr
163 766 224 832 auf
246 770 307 831 150
329 766 407 832 oder
429 771 489 831 145
516 788 546 831 n.
571 764 645 832 Chr.
668 764 889 832 zuriickdatirt
909 767 1038 833 worden
1058 769 1111 833 ist.

148 868 217 935 Der
237 869 339 935 Vater
360 868 568 935 Tertullian’s
589 891 658 935 war
680 870 873 936 centurio
895 872 1164 952 proconsula-

67 974 123 1038 ris
150 973 186 1037 in
216 972 395 1057 Carthago,
425 971 690 1038 wahrscheinlich
722 970 790 1037 also
831 972 883 1037 ein
909 972 1164 1038 ausschliasslich

67 1074 139 1141 dem
168 1074 363 1141 Statthalter
391 1075 449 1141 der
477 1074 611 1142 Proviuz
649 1074 882 1158 beigegebener
909 1075 1165 1142 Militirbedien-

66 1184 180 1261 stetur,
210 1178 275 1244 und
292 1177 463 1264 jedonialls
493 1177 567 1243 dem
587 1176 825 1246 Heidcuthume
847 1178 1059 1261 angehiirencl
1103 1179 1166 1245 Be-

65 1281 191 1366 ziiglich
212 1281 270 1348 des
288 1281 444 1347 letztcren
465 1279 604 1348 Punctes
626 1280 786 1347 kaurein
808 1282 936 1348 Zweiicl
963 1305 1018 1348 um
1045 1304 1081 1348 so
1103 1304 1166 1348 we·

64 1385 157 1469 niger
178 1384 352 1464 obwalteu,
381 1384 428 1449 als
452 1382 510 1448 der
539 1383 721 1469 christliche
742 1385 845 1450 Autur
874 1386 974 1452 selbot
1001 1384 1165 1451 mehriach

64 1487 99 1554 in
117 1489 227 1554 seinen
248 1486 410 1555 Schriften
432 1486 491 1552 aui
509 1488 578 1553 sein
600 1488 727 1571 eigeues
748 1487 892 1553 iriiheres
908 1488 1085 1555 Verlachen
1108 1488 1165 1554 der

67 1590 269 1659 christlichen
297 1590 522 1671 Wahrheiten,
560 1589 620 1661 aui
652 1590 738 1658 scine
763 1591 943 1677 ¹vormalige
979 1589 1164 1656 heidnische

65 1692 233 1763 Blindheit
266 1694 333 1762 und
361 1692 576 1760 Immoralit'at
610 1692 824 1778 hingewiesen
855 1695 964 1779 hail).
1016 1694 1165 1760 Dariiber

67 1797 158 1878 aber,
196 1818 310 1863 wana
338 1817 373 1863 cr
402 1795 510 1862 Christ
539 1796 707 1879 gewordcn
728 1798 787 1879 ist,
828 1797 896 1881 gibt
922 1818 955 1863 cs
985 1797 1078 1863 keiue
1106 1798 1165 1863 das

69 1900 147 1967 Jahr
169 1900 250 1966 oder
270 1899 353 1967 auch
380 1921 445 1965 nur
465 1899 517 1965 dic
538 1898 714 1983 unguiihre
736 1901 806 1966 Zeit
827 1902 930 1966 seinos
953 1900 1164 1966 Uebertrittes

67 2003 284 2071 iosistellends
308 2002 497 2083 Nachricht,
534 2024 610 2069 man
647 2009 770 2070 miisste
808 2004 892 2069 denn
923 2004 1057 2083 claraus,
1090 2002 1168 2071 dass

65 2108 281 2192 Hieronymus
305 2111 386 2190 sagi,
407 2105 588 2172 Tertullian
609 2106 693 2173 habe
715 2108 816 2174 schon
837 2107 886 2173 uls
908 2107 1063 2191 Jungling
1084 2108 1167 2174 iiber

67 2209 272 2277 dieMiihsale
292 2208 349 2275 des
358 2208 791 2294 Ehesiandesgeschrieben,
812 2210 880 2277 und
891 2210 967 2276 dass
977 2210 1075 2277 Jener
1086 2209 1169 2276 eben

65 2313 172 2380 dieses
193 2311 285 2379 Buch
313 2312 458 2397 augleich
486 2312 545 2377 mit
575 2313 631 2378 des
654 2312 801 2399 Cypriam,
834 2313 891 2380 des
913 2314 1072 2381 Damasus
1101 2315 1166 2381 und

65 2416 254 2483 Ambrosius
277 2414 437 2481 Schriften
455 2416 547 2480 einer
567 2415 772 2482 christlichen
794 2415 953 2501 Jungfrau
975 2438 1047 2482 rum
1063 2417 1166 2485 Lesen

66 2518 252 2607 empiohlen
275 2518 335 2585 h‘at
351 2520 404 2601 ¹⁰),
427 2517 486 2585 auf
505 2519 592 2584 aeine
611 2517 733 2584 burcits
762 2520 807 2585 im
828 2519 1083 2604 liingliugsalter
1113 2543 1167 2607 ge·

137 2694 168 2763 9)
186 2693 324 2763 apologet
337 2706 361 2749 c.
381 2691 429 2749 18:
448 2690 523 2746 Haec
541 2694 569 2744 et
586 2705 636 2746 nos
653 2691 763 2747 risimus
780 2692 939 2762 aliquando:
960 2693 993 2748 de
1011 2693 1109 2749 vestris
1121 2708 1165 2749 su·

65 2795 137 2835 mus.
173 2777 270 2842 Fiunt,
291 2793 346 2832 non
364 2783 513 2832 nascuntur
531 2775 685 2832 Christiani.
704 2807 735 2818 -
760 2778 786 2834 d.
808 2778 912 2834 Paenit.
933 2793 955 2831 c.
973 2776 998 2833 l:
1025 2777 1167 2833 Paeniten-

64 2867 133 2922 tiam
151 2864 203 2921 hoc
218 2878 304 2936 genus
320 2862 466 2927 homiuum,
484 2863 556 2932 quod
567 2868 595 2917 et
611 2862 664 2930 ipsi
682 2863 874 2930 retruiuimus,
892 2864 973 2929 caeci,
992 2863 1050 2919 siue
1068 2864 1169 2920 <lumini

63 2952 178 3017 lumine,
195 2956 293 3005 natura
309 2954 389 3005 tenus
407 2956 507 3004 norunt
521 2948 676 3019 passionem
694 2950 776 3004 animi
796 2949 932 3019 quandam
949 2965 1009 3005 esse
1037 2966 1106 3020 quaa
1124 2966 1169 3005 ve-

63 3040 125 3097 niat
149 3037 184 3093 da
202 3036 307 3092 offensa
324 3036 474 3091 sententiae
497 3035 605 3105 peioris.
628 3064 657 3075 —
678 3036 745 3091 ibid.
763 3053 784 3091 c.
803 3038 834 3090 l:
858 3034 1028 3092 Paenitentia
1046 3037 1102 3091 vita
1120 3046 1170 3102 est,

63 3141 129 3181 cnm
152 3123 329 3193 praeponitur
361 3120 449 3177 morti.
494 3121 563 3176 Eam
593 3129 638 3188 tu,
663 3129 789 3191 peccator
812 3120 864 3175 mai
890 3121 984 3177 similis
1009 3123 1103 3192 (immo
1126 3138 1169 3178 me

63 3212 164 3274 minor,
185 3224 234 3279 ego
250 3207 321 3262 euim
338 3206 532 3276 praestantiam
556 3207 585 3261 iu
608 3207 714 3263 delictis
740 3209 808 3264 meis
833 3209 977 3278 amasco),
1001 3208 1040 3264 ita
1063 3208 1168 3274 invade,

63 3299 107 3354 ita
126 3296 296 3364 amplexare,
321 3300 352 3347 ut
374 3292 523 3363 naufragus
549 3294 665 3349 alicuius
687 3295 796 3351 abulae
818 3294 907 3350 fidem.
927 3325 961 3334 -
983 3293 1050 3349 ibid.
1075 3311 1098 3351 c.
1123 3298 1169 3349 12:

63 3383 140 3454 Quid
161 3397 212 3451 ego
238 3380 311 3435 ultra
328 3378 362 3433 de
385 3378 446 3433 istis
469 3378 573 3435 duabus
595 3379 729 3436 humanae
753 3380 850 3436 salutis
874 3379 952 3451 quasi
977 3380 1098 3448 plancis,
1116 3380 1171 3435 stili

63 3469 160 3542 potins
184 3465 320 3536 nagufium
343 3481 424 3535 quam
449 3464 567 3521 officium
596 3466 777 3522 conscientiae
794 3482 871 3535 meae
888 3468 1005 3521 curans?
1043 3465 1172 3522 Peccator

66 3556 142 3612 enim
160 3551 280 3611 omnium
297 3558 422 3608 notarum
440 3566 502 3606 cum
523 3551 575 3605 sim
591 3567 642 3606 nec
664 3552 713 3607 ulli
730 3552 771 3607 rei
794 3552 847 3606 nisi
875 3550 1057 3622 pacaritantiae
1082 3561 1171 3618 natus,

65 3659 124 3699 non
147 3638 232 3695 facile
247 3653 359 3708 possum
380 3653 463 3706 super
484 3637 532 3693 illa
556 3645 660 3703 tacere,
685 3655 765 3708 quam
788 3637 847 3708 ipsc
871 3652 977 3707 quoque
996 3678 1025 3693 ..
1047 3678 1053 3691 .
1075 3637 1171 3704 Adam,

68 3725 254 3796 exomologesi
272 3725 413 3779 restitutus
430 3723 459 3778 in
475 3724 632 3793 paradisum
650 3740 736 3791 suum,
754 3741 809 3781 uon
827 3731 907 3779 tacet.
924 3752 960 3761 α
977 3723 1001 3777 d.
1019 3722 1172 3779 Resurrcct

68 3816 151 3871 curn.
170 3828 194 3868 a
215 3816 262 3866 59:
279 3810 337 3879 Epo
354 3825 397 3864 ma
416 3809 568 3880 scioneque
586 3810 641 3865 alia
658 3825 739 3866 carne
758 3810 892 3866 adulteria
910 3809 1076 3866 commisisse
1085 3824 1173 3879 neque

68 3916 143 3957 nunc
162 3897 219 3955 alia
237 3911 318 3953 earne
337 3895 373 3952 ud
390 3895 581 3952 continentiam
601 3896 673 3951 eniti.

143 3986 192 4056 lo)
209 3982 319 4039 Hieron.
338 3981 396 4037 adv.
414 3981 501 4039 Jouiu
518 3984 538 4037 I.
556 4000 582 4052 p.
602 3983 667 4037 15⁷:
694 3983 752 4037 Nou
778 3989 820 4036 est
836 3981 918 4037 huius
941 3981 994 4038 loci
1017 3982 1173 4051 nuptiarum

68 4071 216 4143 augustias
237 4069 391 4124 describere
409 4076 437 4124 et
455 4068 533 4139 quasi
550 4070 579 4123 iu
596 4067 781 4123 communibus
797 4068 865 4123 locis
882 4066 1013 4123 rhetorico
1038 4067 1175 4122 exsultare

72 4172 200 4214 sermone
284 4154 363 4210 Certe
377 4162 404 4210 et
418 4156 610 4219 Tertullianus,
629 4172 710 4223 quum
728 4154 817 4211 adhuc
834 4160 908 4208 esset
923 4153 1090 4217 adolescens,
1109 4152 1176 4207 lusit

71 4245 103 4300 iu
117 4245 174 4301 hac
190 4241 314 4298 materia
332 4272 365 4282 -
382 4241 491 4297 Hieron
508 4241 595 4312 Epist
606 4244 646 4295 22.
657 4239 693 4295 ad
709 4239 852 4295 Burman:
878 4239 907 4294 si
931 4240 984 4295 tibi
997 4240 1087 4309 plac'ct
1104 4239 1174 4295 sciro

77 4338 141 4399 quot
161 4327 295 4385 mmortiis
313 4326 387 4396 virgo
404 4327 498 4394 libera,
516 4332 580 4397 quot
594 4342 662 4383 uxor
678 4326 809 4382 adstncta
825 4325 872 4392 sit,
889 4325 965 4396 legas
979 4325 1177 4381 Tertullianum
