2814 5264
453 493 495 511 ..
538 460 578 524 77
621 494 665 508 ..
837 452 1113 527 [neentis-rr.

499 627 629 711 quando
653 629 731 693 ⁸⁶ne
753 628 848 713 digne
870 630 998 713 quidem
1012 629 1113 696 male·

500 714 823 888 paeppegponeessum
847 716 878 758 ⁸²
892 721 948 783 est.
992 716 1064 788 Pet.
1086 738 1111 783 ο.

60 925 107 987 45.
131 920 253 988 Pluere
273 942 367 1005 super
381 920 475 988 denos
542 923 594 985 45.
616 920 744 987 Patrem
773 919 916 988 dixeram
938 923 1112 1007 quitatem

25 1006 172 1073 amalos
198 1013 227 1072 et
253 1007 350 1074 solem
381 1027 474 1073 mean
501 1009 533 1070 et
553 1004 685 1089 plantas
714 1005 802 1073 facit.
845 1007 989 1078 Praeser.
1012 1031 1040 1076 e.
1061 1015 1112 1076 44.

26 1095 195 1159 ¹⁸eaittene
216 1113 311 1176 super
330 1096 474 1160 iastoaet
499 1112 531 1179 p.
556 1095 606 1156 58.

25 1181 157 1245 11711101.
206 1180 335 1246 Resurr.
367 1201 393 1246 a
423 1183 473 1244 26.
587 1176 710 1243 Imbres
745 1176 844 1243 etiam
872 1183 906 1244 et
932 1179 1013 1246 soles
1039 1200 1114 1247 euos

25 1287 50 1348 p.
71 1268 139 1331 261.
501 1267 720 1350 peraequante
742 1261 801 1328 deo
822 1266 916 1329 iustis
937 1268 1112 1333 etiniuetis.

101 1350 267 1418 Plaentem
278 1350 475 1434 arcperboeos
501 1349 604 1414 Anim.
628 1369 656 1416 e.
678 1353 730 1412 47.
750 1370 783 1435 p.
806 1353 907 1447 312..

25 1444 48 1502 et
77 1436 176 1504 malos
205 1443 235 1503 et
261 1438 357 1504 solen
382 1457 476 1503 suren
588 1433 650 1513 Qui
672 1432 823 1500 ”florem
845 1435 926 1501 luers
946 1435 1042 1502 huius
1062 1459 1115 1505 su-

25 1525 95 1590 ores
118 1524 287 1606 facientem
312 1544 407 1607 super
426 1525 476 1590 iae
497 1542 558 1604 per
586 1523 686 1588 iustos
713 1526 742 1586 et
769 1523 905 1588 iniustos
934 1524 1116 1607 aequaliter

25 1615 79 1674 stoa
92 1615 119 1675 et
132 1611 278 1675 iniustos.
322 1609 421 1676 Mare.
435 1609 475 1676 Π.
504 1607 637 1694 spargit,
659 1607 714 1690 qui
725 1612 905 1695 temporum
915 1608 1031 1692 officie,
1054 1611 1116 1677 ele·

25 1716 46 1761 e
69 1699 114 1760 17.
136 1718 168 1780 p.
194 1701 244 1761 93.
503 1699 685 1758 mentorum
705 1694 849 1775 servitia,
871 1695 972 1761 totius
992 1698 1117 1780 genitu-

101 1780 162 1860 Qui
185 1782 278 1863 pluit
305 1802 401 1865 super
427 1784 477 1847 iu·
504 1799 560 1844 rae
593 1778 717 1844 tributa
745 1778 850 1862 dignis
878 1781 973 1847 simul
1007 1790 1040 1848 et
1068 1784 1117 1848 in-

25 1873 80 1932 stes
108 1874 137 1934 et
163 1870 301 1935 iniustos
328 1869 478 1935 eteniam
505 1864 608 1949 dignis
637 1865 670 1905 ⁴⁰
683 1865 808 1952 patitur
827 1887 1003 1935 oecurrere.
1046 1869 1117 1938 Pat.

26 1973 108 2019 atum
129 1954 297 2035 oririfaeit
317 1956 478 2037 superbo-
505 1971 532 2018 e.
556 1955 639 2101 tkp.
663 1955 714 2019 77.
794 2035 801 2049 .
919 2037 963 2052 ..
1052 2041 1058 2054 .

25 2047 121 2107 asset
147 2040 262 2106 malea.
305 2040 403 2106 Mare
423 2040 477 2107 IV.
619 2037 1117 2123 ugeMareronsatrsrngemose

25 2144 48 2187 e.
69 2130 115 2192 34.
138 2149 170 2211 p.
197 2130 268 2193 328.
506 2122 672 2189 detraxisti
693 2123 742 2188 illi
756 2122 889 2203 pluvias
911 2129 943 2190 et
964 2126 1052 2210 soles,
1075 2150 1116 2194 ne

505 2214 632 2275 creater
645 2209 817 2277 rideretur.
856 2208 921 2276 Sed
935 2262 943 2279 .
959 2262 968 2280 .
985 2233 1118 2297 quomo·

505 2294 546 2361 do
569 2296 692 2376 suevis,
716 2317 736 2360 a
758 2315 822 2378 quo
844 2296 935 2362 nulla
963 2298 1119 2367 beneficia

504 2380 537 2421 ⁴¹
544 2381 810 2464 praecesserant?
853 2382 924 2448 Hoc
934 2405 1033 2468 genus
1044 2408 1118 2453 sne·

504 2467 614 2533 vitatis
643 2488 709 2552 qua
740 2467 821 2535 soler
850 2474 882 2534 et
911 2471 1026 2537 imbres
1060 2475 1116 2557 qui

503 2551 713 2635 feneraverat,
734 2576 798 2620 non
819 2554 854 2595 ⁴²
865 2561 1054 2640 recepturus
1076 2559 1118 2626 ab

503 2637 643 2705 hnmano
672 2660 788 2724 genere
820 2645 858 2706 ut
891 2650 1030 2725 creator,
1061 2647 1118 2728 qui

503 2745 563 2809 pro
591 2730 684 2791 tenta
717 2726 947 2794 elementorum
976 2729 1117 2796 liberali·

502 2816 572 2876 tate
593 2810 718 2877 facilius
740 2812 836 2878 idelis
862 2834 958 2898 quarn
981 2816 1043 2882 sibi
1064 2817 1119 2884 de·

501 2895 607 2963 bitum
629 2898 754 2981 gratiae
775 2898 951 2967 referentes
972 2902 1117 2970 homines

502 3002 606 3066 usqne
634 2983 741 3063 adhue
768 2985 904 3053 sustinet
922 3039 931 3057 .
947 3038 955 3053 .
971 3038 1003 3055 ..
1026 2990 1117 3056 euius

503 3068 536 3108 ⁴¹
552 3068 649 3135 sotera
685 3076 717 3135 et
751 3073 867 3138 imbres
910 3079 947 3140 tu
989 3096 1118 3160 queque

503 3152 649 3222 Marcion
659 3157 837 3241 “ingratus
851 3158 1001 3227 habuisti.
1018 3162 1118 3230 Mare.

503 3240 556 3307 IV.
579 3262 604 3306 a
630 3247 679 3309 17.
700 3264 731 3326 p.
756 3248 828 3314 251.

547 3365 597 3427 46.
624 3367 675 3428 47.
704 3414 736 3432 ..
766 3365 795 3430 si
828 3364 862 3431 in
905 3367 955 3434 his
989 3372 1117 3438 tanturn

504 3444 633 3514 delictis
653 3448 883 3535 iudicaremur,
915 3475 998 3538 quae
1024 3460 1118 3524 etnam

502 3536 646 3602 nationes
674 3535 888 3605 decreverunt
915 3540 1117 3615 vindicanda.

502 3618 829 3707 nneapne

25 3759 222 3778 Qu*—

83 3840 130 3909 311)
151 3858 181 3895 ae
203 3843 269 3907 dipne
292 3838 379 3897 Rheni
403 3839 423 3897 1.
441 3840 526 3913 Gagrn
544 3842 637 3900 Gelan.
662 3845 723 3928 Rig-
747 3847 878 3919 Magliab.
900 3869 928 3905 ee
949 3851 1004 3923 (aer
1025 3852 1115 3922 vind.)

25 3906 106 3974 lique
122 3908 204 3965 vind
229 3909 303 3965 Leid
327 3910 402 3966 Pam.
420 3940 453 3952 -
477 3915 522 3982 et)
542 3923 574 3967 ert
597 3929 648 3972 om.
671 3916 751 3974 de
775 3917 904 3975 11111-
932 3924 979 3992 38)
996 3922 1029 3978 Π.
1055 3926 1116 3983 1101.

25 3977 207 4034 0⁴18um
225 3977 285 4049 mg.
303 3983 394 4035 mitten
411 3980 486 4051 reliq.
507 4012 536 4023 -
557 3986 605 4051 31)
623 3985 642 4039 L
663 3988 721 4043 589.
737 3992 816 4052 flerem
842 3988 920 4046 vind.
937 3990 1012 4047 Iseid„
1029 3991 1117 4051 Rhea.

23 4044 40 4096 Ι.
55 4044 136 4116 degn.
163 4049 254 4106 delen
278 4048 354 4107 Pam.
377 4049 505 4120 Magliab.
529 4051 658 4109 Laurent
682 4073 756 4110 rerem
779 4056 999 4127 11111111
1021 4090 1055 4101 -
1073 4064 1118 4125 401

22 4119 101 4177 mitur
118 4122 190 4199 risset
208 4136 253 4171 occ.
271 4117 345 4173 Pam.
363 4117 420 4189 Rip.
439 4124 542 4185 patiatur
560 4127 629 4177 simut
647 4142 696 4205 oca·
710 4124 803 4207 Gelep„
814 4132 923 4209 'patiere
939 4149 985 4184 ere.
997 4129 1083 4188 Rhea.
1094 4132 1116 4189 1.

24 4178 1118 4335 111111111111111111
