3290 5266
581 510 619 526 ...
666 478 728 540 213
770 509 815 525 ..
967 473 1040 543 [bno.
1057 471 1115 537 XV,
1136 475 1245 540 n-aa,

634 648 759 715 ‘'escae
786 646 943 730 simulque
974 645 1054 711 alios
1083 646 1245 711 ”videret

631 734 784 885 {aab
812 732 1245 904 iiiimxiiii

631 903 798 971 satisfacto
819 905 917 985 redit,
938 910 1051 970 vestm
1071 903 1242 988 pristinam

629 993 749 1077 recipit,
772 995 893 1056 statum
914 990 1036 1056 seilicet
1057 1009 1128 1054 eum
1147 1009 1242 1072 quem

511 1122 515 1129 -
630 1076 734 1142 Adam
800 1082 1021 1160 transgressus
1079 1074 1240 1140 amiserat.

631 1163 829 1228 ¹³Annulum
853 1182 980 1246 qnoque
1004 1162 1241 1247 ⁸⁶aooipittnno

632 1250 664 1292 ⁸⁶
675 1248 830 1332 primum,
867 1269 931 1332 quo
964 1247 1039 1312 fidei
1059 1248 1241 1330 pactionem

565 1382 569 1391 .
617 1336 844 1418 interrogatus
879 1332 1029 1417 obsignat
1063 1337 1159 1416 atque
1194 1332 1243 1397 ita

617 1418 744 1493 ¹exinde
756 1422 916 1506 opimitate
931 1418 1081 1484 dominici
1097 1419 1240 1502 eorporis

626 1507 770 1587 vescitur,
793 1506 989 1571 eucharistia
1011 1502 1140 1569 scilicet
1178 1503 1240 1568 Hic

627 1592 689 1657 erit
716 1592 870 1691 prodipas
888 1591 978 1674 filius
1000 1590 1055 1674 qui
1076 1609 1239 1672 nunqnam

626 1682 712 1743 retro
733 1676 836 1761 frugi,
866 1676 922 1760 qui
946 1676 1053 1741 statim
1075 1674 1238 1758 prodigus,

627 1761 713 1847 quod
763 1783 827 1827 non
875 1762 984 1828 statim
1028 1759 1239 1828 Christianus.

627 1848 721 1914 Huno
759 1853 792 1913 et
819 1847 1000 1927 Pharisaei,
1036 1845 1075 1911 de
1110 1844 1238 1912 saeculo

626 1933 670 1999 ad
703 1936 808 2020 patris
832 1933 1011 2020 complexus
1030 1938 1238 2012 reverterim,

625 2020 659 2084 in
708 2019 890 2104 publicanis
938 2024 973 2085 et
1037 2017 1239 2084 eooatoribus

628 2104 861 2173 ⁸'moerebant
911 2104 954 2169 Et
990 2105 1062 2169 ieo
1099 2102 1143 2168 ad
1175 2102 1238 2168 hoo

628 2191 730 2257 solum
759 2193 891 2258 maioris
916 2191 1031 2273 fratris
1059 2209 1237 2255 accommo-

626 2277 722 2343 datus
753 2282 801 2342 est
829 2278 924 2358 livor,
962 2296 1027 2340 non
1049 2275 1125 2359 quia
1146 2276 1238 2339 inno-

625 2367 732 2429 eentes
755 2367 788 2427 et
808 2361 867 2427 deo
890 2362 1101 2445 obsequentes
1116 2359 1237 2441 Iudaei,

625 2448 684 2514 sed
703 2447 779 2532 qnia
794 2447 972 2513 invidentes
987 2444 1172 2513 nationibus
1187 2467 1238 2511 sa-

624 2535 743 2613 lutam,
781 2533 876 2618 plane
904 2555 985 2618 quos
1006 2554 1128 2619 seraper
1150 2532 1239 2617 oprtet

623 2626 747 2707 patrem
781 2640 847 2686 esso
881 2624 1079 2704 oportuerat.
1127 2616 1235 2682 Pudio.

625 2727 651 2774 r.
674 2711 704 2771 9.
728 2727 759 2789 p.
783 2710 978 2773 aaa-390.

670 2790 817 2858 13-162
841 2790 955 2858 Minor
973 2790 1064 2874 iilius
1083 2788 1238 2875 prodacta

625 2877 803 2944 subaomsfu
836 2877 888 2942 dei
917 2877 951 2941 in
979 2877 1086 2942 atiena
1113 2875 1237 2958 rapiare

625 2963 796 3044 mendicat,
833 2962 974 3028 serviens
1001 2981 1104 3044 usque
1132 2957 1237 3024 adhuc

647 3048 824 3132 rinoipibus
853 3049 940 3128 eius,
977 3047 1012 3113 id
1040 3051 1090 3112 est
1118 3044 1236 3112 saeculi

625 3072 730 3200 buius.
774 3133 886 3204 Pudio.
907 3156 935 3199 o.
956 3138 986 3200 8.
1007 3155 1040 3218 p.
1063 3136 1135 3198 385.

671 3225 718 3285 15.
744 3225 793 3285 16.
823 3269 832 3286 .
859 3270 867 3285 .
899 3219 1038 3304 parasiti
1072 3217 1238 3283 adfectant

625 3306 669 3372 ad
689 3305 825 3389 gloriam
848 3305 1054 3372 famulandae
1074 3303 1236 3370 libertatis

625 3390 685 3458 sub
724 3396 966 3458 auctoramento
1001 3392 1119 3457 ventris
1151 3389 1238 3454 inter

625 3477 838 3544 contumelias
865 3477 1045 3563 sapinandi.
1093 3474 1187 3559 Apol.
1209 3495 1235 3539 o.

670 3653 720 3714 20.
746 3648 820 3715 Suis
843 3695 878 3714 ..
900 3650 1006 3715 sinum
1027 3646 1152 3715 subicit.
1174 3646 1237 3710 Pu-

627 3733 688 3800 dio.
711 3757 737 3801 o.
762 3739 809 3800 10.
818 3738 959 3886 iilum

670 3825 806 3887 20-32.
881 3839 1052 3905 mquoqne
1070 3817 1237 3905 prodipum

624 3906 730 3989 filium
758 3907 917 3992 patientia
943 3907 1050 3992 patra
1071 3909 1104 3970 et
1125 3904 1238 3988 recipit

207 4124 251 4192 ³³)
276 4142 342 4179 urae
389 4124 423 4182 ⁶.
447 4123 476 4180 P.
494 4125 615 4184 Cinneam.
642 4148 693 4184 erm
716 4128 801 4200 Gagn.
822 4129 914 4186 Galen.
937 4129 1009 4187 Pam.
1038 4159 1066 4170 -
1111 4133 1154 4183 342
1176 4134 1235 4182 uidet

145 4188 224 4262 (esu
249 4222 278 4233 -
315 4194 364 4263 ³⁵)
427 4197 486 4250 ⁸1¹·
503 4200 587 4261 aas
602 4197 661 4268 mg.
678 4198 710 4255 r.
728 4198 841 4255 nunus
858 4204 945 4268 aas
961 4201 1009 4255 ιρι.
1027 4229 1056 4239 -
1093 4200 1135 4265 aa
1153 4203 1233 4266 pass-
