3386 5264
569 486 805 552 -ala-

173 656 232 725 ubo
256 654 373 743 (Quat
406 654 494 741 qued
520 655 642 723 Graeco
663 676 820 735 samone,
855 676 915 739 qao
941 652 1051 724 literae
1072 652 1233 741 apostolae

173 763 230 841 iat,
247 759 317 826 usui
339 764 389 824 est
408 759 557 824 mulieres
579 780 702 840 vocare,
725 780 822 842 quam
844 757 988 839 feminae,
1009 760 1112 826 idest
1130 766 1233 846 γυναῖ-

173 888 224 945 ue,
249 882 343 945 quam
363 865 518 948 θηλείας).
536 899 579 909 -
621 861 830 945 Dosgleichon
852 860 937 927 Cast.
960 884 987 927 c.
1008 868 1047 929 4:
1082 862 1233 946 quoniam

173 986 251 1049 teque
271 965 305 1030 in
326 954 489 1048 evaugelio
510 984 614 1048 noque
634 967 671 1030 ia
688 967 791 1047 epatre
804 964 905 1030 Paali
923 965 1067 1048 apostolia
1087 986 1126 1031 ex
1140 984 1233 1047 prae·

173 1074 240 1153 opta
268 1068 320 1133 dei
348 1067 492 1133 invenias
518 1069 706 1150 permissam
732 1066 929 1134 matrimonii
956 1066 1170 1134 iterationem.
1193 1106 1231 1118 -

173 1171 237 1236 terh
263 1170 315 1236 bei
334 1169 645 1249 Pseudotertulliau‚
675 1169 733 1234 der
753 1168 823 1234 adv.
847 1190 930 1236 omn.
951 1170 1047 1238 Haer.
1069 1191 1096 1235 a
1119 1174 1137 1234 6
1161 1167 1233 1234 dem

173 1273 271 1338 terdon
289 1269 442 1337 vorwirft:
469 1271 617 1355 Apostoli
640 1272 743 1339 Pauli
761 1292 866 1357 neque
887 1293 998 1339 omues
1018 1292 1124 1356 nequo
1144 1275 1232 1336 totas

173 1376 295 1458 metelos
315 1373 423 1440 sumit.

248 1477 322 1544 Van
340 1476 403 1542 den
424 1475 938 1561 apostolisohonKirchen
958 1475 1233 1561 imAilgomeinen

173 1578 275 1644 andelt
285 1579 380 1645 Ienor
388 1578 532 1646 Praescr.
545 1584 637 1647 a36:
658 1582 727 1665 Ago
745 1580 820 1660 iam,
839 1578 896 1662 qui
910 1578 998 1646 voles
1013 1579 1233 1645 curiositatem

173 1681 254 1746 telius
275 1701 426 1748 exercere
446 1683 480 1747 in
500 1684 630 1767 negotio
651 1682 767 1748 salutis
788 1690 878 1760 tuae,
915 1702 1066 1765 percurro
1086 1681 1233 1748 eaesae

173 1784 348 1867 praedans,
371 1784 458 1869 apud
479 1806 559 1868 quos
580 1787 672 1870 ipsae
694 1785 800 1851 adhuc
820 1782 993 1850 cathedrae
1013 1783 1233 1868 apostolerum

173 1886 213 1951 uis
232 1886 314 1952 locis
334 1886 534 1969 praesident,
570 1887 656 1970 apud
678 1907 761 1971 quas
782 1889 875 1971 ipsae
896 1886 1099 1953 authenticae
1120 1885 1234 1951 litoreo

173 2008 252 2053 rrum
272 1988 463 2070 recitantur,
485 1994 635 2055 sonantes
656 2010 766 2054 vocem
781 1996 814 2056 et
826 1994 1104 2074 repraesentantes
1118 1987 1234 2053 faciem

173 2094 403 2179 uiuscuiusquo.
446 2092 596 2159 Proxima
616 2096 666 2157 est
687 2092 749 2159 tibi
769 2092 900 2175 Achaia,
922 2092 1023 2159 habos
1040 2091 1232 2158 Maleam.

173 2196 269 2263 inan
299 2197 396 2281 longe
425 2216 460 2262 es
487 2216 508 2261 a
535 2194 741 2278 Macedonia,
777 2195 879 2263 habes
910 2196 1094 2280 Philippos,
1131 2194 1232 2261 habes

173 2298 448 2367 Aemaloniaeasea.
492 2297 525 2364 Si
545 2303 638 2382 potos
658 2299 692 2363 in
712 2299 824 2365 Asiam
844 2299 987 2381 tendere,
1007 2299 1107 2365 habes
1129 2298 1233 2382 Epire·

173 2424 221 2468 em·
266 2404 303 2469 Si
327 2408 434 2470 autom
455 2401 570 2468 Italiae
592 2401 738 2482 adiacos,
762 2401 864 2469 habos
886 2403 1037 2483 Beatam,
1069 2400 1156 2468 undo
1174 2422 1233 2467 no·

173 2506 343 2592 isquoquo
364 2506 539 2570 auctoritas
558 2509 689 2589 praesto
712 2511 761 2571 est
776 2553 832 2573 ...
855 2505 1028 2572 Videamus
1050 2503 1128 2589 quid
1149 2503 1233 2569 didi·

173 2608 233 2688 rit‚
270 2608 353 2692 quid
373 2606 533 2689 docuerit,
570 2628 641 2672 cum
661 2606 821 2674 Africanis
844 2628 972 2692 quoquo
994 2607 1138 2674 ecclesiis
1159 2627 1233 2672 con-

174 2710 320 2777 ssorarit.
356 2748 397 2761 -
449 2709 520 2775 Von
555 2710 686 2794 speciell
719 2710 1017 2777 Paulinisohen
1050 2706 1234 2776 Kirohen

174 2813 261 2879 ›rieht
290 2836 329 2879 or
357 2812 455 2879 Marc.
477 2812 530 2878 lv.
553 2833 578 2877 c
602 2817 636 2877 5:
673 2813 841 2879 Constabit
866 2814 900 2879 id
924 2835 994 2882 esse
1016 2812 1057 2879 ab
1079 2810 1233 2896 apostolis

174 2916 297 2981 aditum
326 2915 412 2999 quod
430 2914 517 2998 apud
538 2915 685 2981 ecclesias
707 2914 927 3000 apostolorum
947 2916 1048 2983 fuerit
1068 2936 1233 2981 sacrosan·

175 3040 232 3083 um.
288 3018 464 3084 Videamus
493 3017 582 3101 quod
609 3017 661 3083 lac
689 3039 710 3082 a
740 3018 846 3085 Paule
879 3019 1033 3086 &stadii
1056 3017 1232 3097 hauserint,

175 3121 179 3186 i
214 3143 317 3205 quam
351 3120 496 3206 regulam
531 3119 668 3186 Galatae
703 3121 768 3185 sint
796 3122 982 3203 recorrecti,
1019 3121 1096 3206 quid
1123 3121 1233 3203 legant

175 3224 381 3309 trtrppensea
421 3223 731 3304 iterraloaicarses,
768 3224 915 3307 Ephesia
946 3224 1025 3308 quid
1048 3226 1146 3290 otiam
1167 3222 1232 3289 Ra

176 3332 222 3395 mi
251 3329 295 3394 do
318 3327 466 3412 proximo
488 3331 618 3407 sonent,
653 3327 768 3410 quibus
791 3327 989 3411 evangelium
1012 3332 1046 3394 et
1062 3327 1177 3393 Petrus
1200 3332 1234 3393 ot

176 3432 266 3497 sulas
307 3428 463 3512 sanguine
499 3448 628 3513 quoque
662 3451 721 3496 suo
758 3431 919 3514 signatum
947 3431 1163 3515 reliquerunt,
1189 3467 1233 3478 -

177 3532 258 3601 araus
275 3554 315 3599 er
335 3537 424 3617 sagt‚
451 3552 528 3595 man
548 3530 632 3597 habe
654 3532 734 3597 auch
754 3532 882 3600 Ioannis
903 3535 1050 3599 alumnas
1073 3533 1232 3598 eeclesias.

236 3637 320 3702 Was
356 3634 464 3700 feruor
498 3633 550 3699 die
579 3632 878 3719 Glaubwiirdigkeit
910 3636 977 3702 und
1004 3636 1234 3720 Apostolioitdt

177 3759 187 3803 s
214 3737 344 3805 Paulus
367 3736 514 3820 autenm,
550 3756 586 3801 so
605 3737 770 3822 bespricht
792 3738 858 3803 uud
881 3742 1019 3805 eritrtort
1040 3740 1086 3805 sie
1107 3738 1233 3806 Tertul-

177 3863 196 3906 n
226 3863 272 3907 an
305 3838 555 3906 verschiedenen
584 3837 723 3922 Stellon,
760 3864 787 3907 z.
808 3841 846 3906 Β.
868 3841 1013 3912 Praosor.
1035 3864 1061 3908 c.
1082 3846 1231 3909 23-29.

178 3965 264 4012 surr.
289 3964 320 4009 c.
343 3947 395 4012 23.
416 3943 527 4012 Pudic.
550 3965 575 4008 c.
600 3947 654 4008 14:
690 3965 778 4011 ..ne
803 3944 925 4011 scilicet
946 3945 1082 4012 Paulum
1104 3952 1232 4032 aposto·

178 4046 365 4129 uchristi,
401 4046 564 4114 doctorem
591 4046 760 4112 notionum
787 4047 821 4112 in
846 4046 909 4114 fido
932 4052 964 4114 ot
984 4050 1139 4134 veritate,
1174 4071 1232 4117 vas

180 4151 319 4230 otiosis,
339 4150 545 4216 ecclesiarum
567 4150 775 4230 conditorem,
799 4169 961 4217 censorem
983 4152 1231 4237 disciplinarum,

179 4260 242 4323 itae
268 4253 415 4322 leuitatis
435 4252 590 4322 inficeres.
611 4291 657 4306 -
677 4273 704 4324 c.
730 4256 783 4321 16:
819 4253 966 4340 Agnosce
987 4262 1021 4322 et
1042 4256 1077 4324 in
1097 4275 1233 4342 aequon-
