2744 5260
291 472 307 522 2
328 467 386 525 Gor.
403 468 437 533 V,
456 469 542 539 t-e.1
724 505 766 517 ..
809 471 871 533 432
912 506 958 518 .-

290 660 375 720 mn,
397 639 481 723 proed
499 656 674 724 novemur,
695 661 750 706 no-
860 639 967 704 Hic..
990 634 1150 719 expressit
1167 632 1318 717 quodupi

291 727 387 793 teretes
398 727 472 791 enni
484 726 542 790 sed
554 725 749 808 supmndni.

290 812 391 878 Mare.
412 811 449 877 V.
472 833 499 877 c.
526 815 573 875 12.
596 833 627 894 p.
651 815 725 879 427.

381 2526 531 2593 Notene
572 2522 646 2587 enni
683 2540 749 2585 cor·

289 2634 382 2697 pore,
410 2612 467 2677 sed
485 2606 679 2692 superindui,
708 2655 747 2670 ..

293 2784 344 2850 nti
362 2782 523 2934 {aanor
542 2780 674 2847 mortale
694 2778 750 2843 noc

296 2893 317 2936 o
336 2890 403 2934 ono
403 2911 748 2949 ............

774 746 829 790 ma
854 723 993 809 epistula
1023 721 1167 786 strinxit:
1197 719 1232 783 Et
1246 719 1319 782 natu

774 815 941 894 resurgent
961 806 1147 890 incorrupti,
1167 805 1218 888 qui
1232 804 1279 867 iau
1288 803 1318 867 ὡ

773 897 888 977 ierunt,
913 902 946 961 et
967 915 1026 959 uos
1048 891 1237 966 mutabimur,
1253 889 1320 970 quiin

774 1003 868 1048 earne
889 980 1043 1046 fuerimus
1066 973 1320 1061 deprehensione

773 1068 816 1133 Et
839 1068 888 1133 illi
909 1066 995 1132 enim
1016 1068 1181 1146 resurgent
1193 1058 1320 1140 inoouopi

772 1158 901 1237 recepto
922 1151 1045 1217 scilicet
1061 1168 1190 1232 corpore
1202 1152 1231 1212 et
1242 1143 1321 1227 quita

772 1240 906 1323 integro,
929 1243 966 1302 ut
986 1258 1026 1301 ex
1045 1235 1108 1299 hoc
1123 1234 1185 1299 sint
1195 1231 1323 1311 incompti

773 1331 806 1390 et
833 1326 868 1390 hi
895 1328 1028 1408 propter
1056 1319 1203 1403 temporis
1228 1315 1324 1381 utun

772 1412 836 1476 iam
854 1414 1050 1475 momentum
1074 1412 1107 1471 et
1121 1400 1324 1489 properant

773 1496 978 1562 vexationum
1019 1491 1196 1557 antichristi
1229 1506 1326 1568 compes

773 1582 859 1646 dium
877 1581 999 1659 mortis,
1021 1577 1118 1642 ¹'sed
1133 1575 1248 1654 mund,
1264 1575 1328 1635 ''ou

773 1671 960 1751 sequentur,
998 1666 1028 1706 ¹⁹
1045 1662 1238 1749 superinduti
1265 1656 1326 1737 ng'u

773 1753 861 1836 quod
880 1751 921 1818 de
943 1749 1032 1817 eaelo
1054 1754 1119 1828 est,
1141 1768 1232 1831 quam
1248 1746 1327 1809 ”ent

773 1860 897 1922 corpus.
946 1837 999 1902 lta
1026 1835 1054 1899 si
1081 1834 1117 1898 hi
1144 1854 1234 1919 super
1256 1848 1328 1910 mrpu

772 1925 903 1990 induent
924 1922 1064 1988 caeleste
1083 1919 1180 1997 illud,
1214 1918 1328 2007 ntique

771 2010 890 2075 mortui
930 2007 1087 2090 recipient
1127 2025 1240 2088 eorpus
1272 2018 1330 2083 nnn

774 2095 866 2179 quod
889 2102 930 2161 et·
941 2095 1005 2178 ipsi
1024 2091 1163 2158 induant
1181 2091 1330 2168 incorrupte

773 2181 838 2247 lam
873 2179 914 2246 de
952 2178 1043 2244 caelo
1157 2175 1207 2240 nli
1231 2172 1330 2239 induunt

773 2288 846 2332 oum
863 2264 1043 2350 receperint
1054 2284 1188 2347 corpus,
1203 2261 1252 2326 isti
1262 2277 1330 2342 sup·

772 2353 925 2433 indnnrrt,
946 2351 1025 2435 quia
1044 2371 1111 2415 non
1130 2347 1279 2414 amiserint
1292 2360 1330 2406 ou·

773 2460 848 2522 pus:
874 2443 907 2504 et
926 2438 999 2502 ideo
1019 2456 1086 2500 non
1106 2441 1222 2513 temere
1240 2430 1310 2495 dixit:

774 2607 809 2672 id
830 2613 887 2689 est,
908 2607 1054 2673 nolentes
1075 2610 1209 2671 mortem
1228 2596 1331 2684 experri

774 2693 831 2759 sed
852 2694 919 2760 vita
937 2691 1128 2779 praeveniri,
1151 2727 1193 2740 —-

818 2869 922 2930 5-8.
953 2863 1029 2928 dum
1056 2862 1190 2945 eripitur
1208 2856 1334 2948 mortipt

774 2950 1085 3033 superindumentum
1146 2941 1331 3033 demutatione

774 3035 892 3102 ”ideo
922 3035 999 3119 quie
1026 3033 1170 3100 ostendit
1189 3032 1246 3097 hoe
1262 3025 1333 3114 melu

775 3143 860 3203 esse,
896 3142 938 3186 ne
966 3121 1192 3186 contristemur
1219 3113 1334 3181 morum

774 3209 858 3274 forte
887 3212 1081 3291 praeventu,
1117 3211 1152 3269 et
1178 3200 1334 3270 antone

774 3315 833 3360 nos
859 3295 991 3377 spiritns
1022 3291 1101 3356 dicit
1128 3312 1151 3355 o
1178 3291 1230 3355 deo
1253 3283 1335 3349 nnn

775 3380 868 3464 quasi
889 3379 1074 3463 pignoratos
1095 3377 1128 3440 in
1144 3374 1268 3441 eandem
1279 3382 1336 3451 spu

775 3464 1067 3549 superindumenti,
1104 3468 1138 3527 et
1163 3462 1261 3527 abesse
1275 3450 1335 3519 odo

775 3553 874 3632 mino,
888 3590 894 3601 ·
909 3549 1062 3634 quamdiu
1089 3549 1125 3613 iu
1145 3567 1238 3614 omne
1253 3555 1334 3607 sumat

776 3659 814 3703 ae
834 3643 1008 3722 propterea
1030 3634 1148 3701 debere
1169 3633 1236 3699 toni
1254 3629 1334 3693 duent

776 3724 881 3789 abesse
909 3725 1016 3805 potins
1048 3743 1070 3786 o
1104 3740 1223 3803 conpore
1249 3721 1333 3800 etos·t

776 3830 846 3875 cnm
863 3809 1003 3891 domno,
1039 3812 1077 3872 ut
1098 3813 1132 3871 et
1152 3810 1273 3870 montem
1288 3791 1335 3855 ”t

775 3895 889 3961 beuter
925 3894 1132 3978 excipiamus.
1174 3890 1262 3956 Marc
1279 3882 1332 3949 tc

778 3985 1022 4066 ffipfflm

365 4128 410 4195 17)
437 4125 470 4179 Π.
495 4124 554 4177 311.
585 4126 692 4175 denotati
720 4117 853 4175 Laenius.
883 4148 918 4158 —-
964 4118 1010 4184 18)
1040 4130 1199 4184 murenarum
1226 4108 1298 4165 tntis
1317 4128 1334 4138 ’

295 4198 497 4321 etun
520 4185 952 4331 nosternon·
1084 4191 1131 4257 2¹>
1151 4188 1184 4243 ss
1276 4181 1334 4238 r
