2742 5248
441 525 483 541 ..-
528 491 589 553 515
631 526 674 537 -
849 485 956 555 [l'I'im.
972 485 1106 551 111‚1.2.

495 654 729 742 busjffllingua
749 657 931 724 nonlicet?
953 663 1105 744 appetere
1191 719 1194 725 .

496 742 582 823 quod
617 742 750 809 ²⁶tuum
786 765 851 810 non
886 745 945 826 sit,
990 744 1105 828 quibus

494 828 528 871 ²⁷
541 828 638 894 alieni
694 828 890 897 abstinentia
946 830 1106 897 traditur?

495 912 689 980 adulterium
732 915 766 980 in
806 916 910 1000 specie
950 936 1105 995 exercerc,

495 999 612 1083 quibus
635 1000 778 1066 studium
798 1002 974 1086 pudicitiae
995 1002 1106 1068 2⁸est?

495 1084 577 1151 Gult.
601 1107 626 1151 c.
651 1091 669 1151 5
694 1108 742 1155 eru

539 1176 588 1237 12.
611 1172 837 1239 Praescribens
857 1174 1017 1241 sitentium
1037 1195 1105 1241 mu·

494 1256 626 1331 lieribus
646 1258 681 1323 in
703 1258 847 1337 ccclesia,
870 1260 1004 1343 nequid
1024 1261 1107 1326 ²⁹di-

494 1343 602 1409 scendi
624 1343 782 1411 duntaxat
803 1345 909 1427 gratia
923 1346 1106 1429 loquantur.

494 1427 594 1495 Marc.
617 1429 655 1497 V.
678 1451 704 1494 c.
728 1435 748 1495 8
770 1451 817 1496 ex.

580 1516 657 1581 Nou
685 1517 884 1598 permittitur
915 1516 1042 1583 mulieri
1073 1517 1107 1581 in

495 1599 631 1665 ecclesia
650 1600 750 1685 loqui,
772 1600 829 1666 sed
849 1622 905 1667 uec
926 1603 1032 1668 docere
1048 1622 1107 1668 nec

494 1686 638 1769 tinguere
659 1707 718 1752 nec
742 1685 857 1753 offerre
879 1707 938 1752 nec
951 1687 1046 1753 ullius
1061 1687 1107 1751 vi-

494 1770 564 1839 rilis
586 1774 742 1854 muneris,
784 1771 939 1839 ³⁰uedum
961 1773 1108 1839 sacerdo·

494 1857 569 1922 talis
598 1857 692 1923 officii
721 1863 842 1925 sortem
870 1860 932 1926 sibi
961 1858 1106 1926 ⁸¹vsndi·

496 1963 579 2009 care.
621 1944 708 2030 Virg.
732 1965 760 2012 o.
783 1950 801 2009 9
824 1946 866 2011 in.

581 2027 709 2107 Quam.
730 2079 740 2096 .
762 2029 838 2098 fidei
859 2031 1039 2115 proximum
1060 2030 1106 2095 vi-

496 2114 640 2197 deretur,
672 2121 711 2182 ut
732 2117 863 2184 docendi
886 2122 918 2182 et
940 2116 1106 2200 tinguendi

496 2200 589 2267 daret
607 2203 744 2285 feminae
765 2207 966 2286 potestatem,
989 2203 1044 2286 qui
1066 2223 1106 2267 ne

496 2287 658 2353 ”discere
683 2288 812 2371 quidem
836 2293 1018 2355 constanter
1038 2310 1106 2354 mu-

496 2372 570 2440 tierc'
584 2375 750 2456 perursit!
793 2375 889 2459 Bapt.
911 2395 936 2440 c.
961 2378 1000 2440 17
1024 2395 1073 2440 ex.

412 2666 489 2754 Gap.
511 2668 567 2735 111.

543 2813 570 2873 1.
593 2806 658 2873 Dat
685 2811 718 2872 et
739 2805 903 2893 apostolus
924 2803 1015 2870 nobis
1037 2826 1107 2872 corr-

497 2896 739 2977 cupiscentum:

60 2986 87 3048 1.
113 2978 152 3048 a·
171 2980 245 3064 qua
263 2981 473 3065 eptccmm

12 3068 217 3151 concupiscit,
254 3068 367 3135 bonum
396 3088 473 3152 opas

12 3154 214 3237 despuat.
247 3199 540 3224 ..........
565 3148 650 3215 ¹Sed
672 3150 785 3216 bouum
806 3169 883 3233 opus
904 3146 1028 3229 dicens,
1057 3170 1108 3215 ra-

499 3236 650 3302 tionalem
665 3236 944 3318 cmcupisceuticm
957 3235 1108 3301 ostendit

498 3324 603 3389 anim.
626 3342 653 3391 ο.
678 3326 779 3405 lap.
802 3326 873 3387 241.
1126 3343 1135 3361 ·

542 3413 571 3477 2.
600 3406 764 3486 Quantum
785 3407 972 3492 obstrepant
992 3408 1108 3474 sancti-

498 3495 558 3560 tati
580 3495 712 3578 nuptiae
733 3494 904 3576 secundae,
924 3493 1110 3578 ssdisciplina

498 3579 652 3651 ecclcsiae
680 3585 713 3646 ct
734 3580 945 3665 praescriptio
967 3578 1108 3664 apostoli

13 3728 222 3743 m

86 3807 135 3874 25)
159 3810 185 3858 tu
206 3808 283 3872 ttnpuc
306 3803 390 3887 Apob.
414 3833 446 3844 —
488 3803 536 3871 26)
553 3811 616 3856 tuum
639 3804 692 3860 loa.
713 3803 861 3860 Mereatur.
889 3808 919 3857 ad
941 3813 1004 3857 tcum
1026 3803 1111 3873 Agob.

18 3882 100 3930 dum
124 3874 200 3943 reliq.
222 3904 256 3916 -
291 3874 339 3940 27)
364 3877 435 3927 alieri
458 3877 593 3926 abstinentia
611 3877 726 3926 truditur?
741 3878 877 3928 cdcdericm
895 3879 921 3926 ic
935 3878 1009 3941 aperie
1025 3874 1049 3926 A
1068 3875 1111 3929 ob.

15 3946 75 4016 Rip.
94 3948 195 3999 clauum
212 3946 380 3999 detinendum:
396 3947 494 4010 pecias
502 3940 587 4011 Gagn.
599 3940 774 3999 GelenPam.
785 3973 819 3984 -
844 3944 886 4006 28)
904 3947 935 3995 ut
953 3943 1036 4011 Agob.
1079 3943 1111 4012 'g.

16 4026 50 4079 est
73 4013 151 4083 reliq.
174 4042 209 4054 -
244 4015 288 4080 29)
311 4012 345 4067 Π.
364 4015 422 4067 298.
448 4011 1110 4081 dreaddcs1.91cticGagu.Gelen.Pam.Rig.

16 4084 97 4140 Gora.
115 4086 216 4138 canui
234 4086 297 4137 dum.
319 4086 391 4149 curu
408 4080 493 4137 Rhen.
511 4082 531 4134 I.
550 4084 644 4135 doma
661 4086 723 4134 aaa.
744 4086 817 4149 picria
833 4080 917 4135 Rben.
936 4081 956 4132 Ι.
974 4080 1002 4134 in
1026 4096 1110 4150 marg.

16 4184 52 4194 —
74 4154 121 4222 3⁰)
142 4152 163 4211 1.
180 4155 238 4207 895.
256 4170 285 4205 se
301 4155 345 4204 duo
358 4149 441 4205 Rben
459 4151 488 4216 l.,
504 4150 568 4206 libri
584 4149 707 4206 Rhenani
723 4166 823 4206 omnes.
840 4179 873 4189 —
910 4151 956 4212 31)
972 4155 1113 4205 mutarent

16 4221 143 4281 nuent
170 4253 205 4264 —
239 4221 283 4289 ³2)
308 4219 329 4275 1.
347 4220 406 4273 637.
425 4225 502 4275 dcere
519 4218 602 4291 (degn.
621 4247 655 4263 -
691 4220 720 4290 1)
737 4220 770 4276 Π.
787 4226 846 4278 519.
864 4228 884 4273 ct
902 4219 985 4288 Λευὶ).
1002 4218 1060 4291 Rip.
1078 4251 1112 4261 -

17 4296 49 4364 r)
71 4292 91 4347 ι
110 4294 170 4348 oso.
187 4294 322 4359 sosptem
337 4288 422 4344 unu.
439 4290 461 4342 1.
893 4373 911 4414 *

844 4379 884 4441 33
