2814 5264
456 484 499 497 -
543 452 582 512 97
624 486 668 498 -
811 450 924 519 ‘stlatth
950 455 983 519 Χ,
1004 453 1115 510 29-31.

510 663 513 671 ·
592 621 707 687 Eidem
728 641 787 687 nos
808 622 877 707 spei
894 622 1027 691 fulciens
1035 646 1114 708 pus·

503 727 608 775 serwm
630 728 757 793 quoque
779 709 811 750 ²⁶
823 708 986 795 subiungit
1007 732 1113 777 exem·

502 793 598 876 plum,
621 793 708 877 quod
730 815 768 861 ex
790 795 909 862 duobus
935 818 999 863 nou
1020 798 1114 864 cudat

504 881 627 947 ²'alter
646 883 682 946 ln
703 887 821 947 terram
841 883 912 948 sine
933 883 986 948 dei
1004 884 1114 950 volun·

501 971 579 1033 tute.
623 967 750 1033 Resurr.
773 988 798 1031 u.
823 971 873 1032 35.
895 990 926 1052 p.
949 973 1022 1034 279.

526 1102 580 1119 ...
604 1052 640 1133 is,
662 1055 732 1118 sine
753 1053 843 1117 cuius
865 1053 1032 1121 voluntate
1053 1076 1109 1120 nec

495 1159 665 1220 passerum
699 1138 781 1204 alter
806 1140 842 1204 ln
871 1146 989 1207 terrum
1018 1140 1110 1221 cudit,

501 1223 535 1289 id
554 1229 604 1290 est
623 1245 683 1290 nec
704 1225 808 1289 alters
829 1245 869 1290 ex
890 1226 1015 1292 duabus
1038 1225 1112 1292 sub-

502 1310 628 1375 stantiis
650 1310 795 1390 hominis,
818 1331 893 1377 caro
914 1317 971 1378 sut
992 1313 1110 1378 anima.

502 1394 611 1480 Scorp.
635 1415 660 1461 c.
684 1402 713 1463 9.
737 1418 769 1480 p.
792 1398 883 1462 368.⁸

586 1480 706 1548 Credas
721 1482 841 1565 utique,
865 1483 893 1548 si
908 1487 1018 1549 tumen
1038 1483 1111 1546 ²⁸in

502 1587 573 1632 eum
595 1567 690 1634 deum
711 1568 832 1648 credis,
859 1572 928 1635 sine
949 1569 1038 1634 cuius
1059 1588 1112 1633 vo-

501 1652 624 1720 luntate
645 1676 701 1721 nee
716 1672 832 1736 passer
852 1657 949 1721 unlus
963 1657 1047 1720 assis
1059 1675 1113 1719 cust

500 1739 547 1805 dit
566 1743 602 1806 lu
622 1748 749 1807 terram.
792 1741 871 1824 Fug.
894 1762 921 1806 c.
938 1746 965 1806 3.
988 1762 1019 1824 p.
1038 1745 1110 1804 177.

600 1826 662 1891 ”a
684 1825 744 1891 deo
765 1825 909 1908 domino,
931 1828 1000 1892 sine
1021 1825 1110 1891 cuius

499 1910 666 1976 voluntate
695 1931 754 1977 nec
781 1912 895 1977 folium
927 1911 967 1976 de
996 1912 1111 1978 arbore

501 1996 661 2063 ”labitur
687 2018 744 2063 ner
765 2019 881 2081 passer
902 1999 986 2064 assis
1013 2000 1110 2063 sulus

499 2082 544 2148 ad
567 2089 686 2149 terram
713 2084 808 2151 cadit.
852 2084 940 2151 Cast.
967 2103 992 2149 e.
1025 2089 1053 2149 1.
1077 2105 1108 2167 p.

542 2260 592 2321 30.
620 2254 756 2321 Possum
787 2254 909 2336 dicere,
937 2274 1108 2339 porcorum

499 2360 628 2492 quoaue
678 2346 765 2406 setas
807 2345 886 2407 tunc
926 2348 1110 2408 numeratas

499 2446 564 2511 spu
609 2426 705 2492 deum
724 2429 838 2510 fuisse,
868 2426 987 2493 nedum
1010 2427 1109 2510 capil-

499 2511 546 2579 los
568 2517 762 2580 sanctorum.
805 2512 882 2598 Fug.
898 2534 925 2578 c.
947 2517 975 2578 2.
988 2534 1019 2596 p.
1039 2518 1108 2578 175.

543 2605 593 2665 30.
617 2604 667 2665 31.
752 2603 791 2664 ut
812 2603 845 2663 et
866 2619 996 2666 carnem
1026 2619 1110 2681 quae

499 2684 653 2751 recident
692 2687 728 2750 in
770 2689 890 2752 terrem
930 2686 959 2726 ¹⁸
975 2683 1109 2769 proinde

499 2771 611 2837 credas
654 2775 687 2836 et
721 2792 888 2855 resurgere
921 2791 1017 2855 posse
1052 2791 1111 2855 per

498 2856 642 2923 eiusdem
657 2856 709 2922 dei
722 2857 929 2923 voluntatem.
954 2856 983 2920 N
985 2877 1037 2922 am
1049 2857 1110 2921 etsi

499 2942 681 3028 passeribus
721 2942 782 3008 hoo
820 2965 888 3009 non
932 2942 1028 3023 licet,
1052 2941 1109 3006 sed

501 3031 598 3095 ”nos
619 3029 919 3112 mulllspusserlbus
935 3030 965 3070 ⁸³
976 3030 1109 3094 antista-

498 3136 584 3198 mm,
614 3136 651 3181 eo
675 3115 762 3198 quod
783 3115 933 3181 cudentes
960 3135 1108 3197 resurgu-

498 3222 579 3283 mus,
601 3221 738 3284 quorum
753 3199 891 3284 denique
910 3201 1043 3283 capillos
1057 3221 1105 3266 sa·

491 3290 573 3370 pilis
588 3308 693 3353 tenues
703 3294 882 3353 numeratos
898 3285 1109 3353 ”adfirmans

499 3373 604 3439 salvos
625 3373 737 3456 utique
752 3373 956 3458 repromittit.
980 3373 1109 3439 Resurr.

499 3479 524 3527 e.
549 3464 600 3524 ss.
623 3481 654 3542 p.
678 3463 749 3525 279.

543 3550 679 3612 30-33.
701 3594 756 3610 ...
780 3545 900 3627 quiaet
921 3543 1109 3627 capillorum

500 3630 588 3717 apud
603 3652 675 3697 eum
688 3632 718 3675 ³⁶
724 3636 870 3716 regestus
887 3636 936 3697 est
949 3649 1107 3697 numerus.
1126 3678 1134 3693 .

56 3720 193 3784 31-33.
211 3714 319 3784 Nolite
332 3735 475 3802 erpome-

20 3854 221 3868 ᾖ.-

79 3905 128 3976 tt)
144 3905 179 3961 IL
203 3907 263 3962 512.
281 3904 504 3976 suumrltigslr.
523 3938 554 3948 -
575 3907 617 3969 2⁷>
635 3925 694 3961 suu
711 3903 768 3961 cort
786 3903 823 3959 Io.
838 3903 993 3960 Clementis.
1012 3934 1047 3944 -
1064 3903 1111 3971 28)

19 3969 36 4025 1
51 3978 107 4029 tto.
126 3981 153 4028 iu
170 3994 224 4029 sm
239 3974 325 4032 Rhen.
344 3975 364 4030 1.
383 3974 467 4046 ngn.
484 3976 576 4031 Gelerr
592 3977 693 4032 Pemel.
710 3974 806 4042 Rigalt.
824 3993 898 4028 meum
913 3973 1026 4030 vindob.
1037 3972 1111 4030 [eid.

19 4039 193 4102 11118111.-
212 4045 374 4110 2911738.
393 4063 407 4098 a
425 4050 515 4100 domino
533 4045 775 4115 lerAgob.Rigslt
797 4071 825 4083 -
846 4045 892 4107 ³0)
911 4044 1112 4112 delrtllurrtgob.

18 4108 108 4182 Rigalt.
127 4141 164 4155 -
190 4115 237 4176 31)
253 4114 288 4168 11.
313 4116 372 4169 sle.
394 4120 488 4182 perinde
509 4115 582 4170 Leid.
601 4145 637 4153 -
661 4118 707 4173 32)
725 4132 770 4167 non
786 4112 899 4169 vindob.
918 4112 994 4168 Isiu
1013 4141 1048 4152 -
1066 4114 1113 4180 33)

20 4188 147 4238 wislam
163 4183 270 4239 Psmel.
281 4182 379 4252 Rigalt.
396 4194 533 4239 attestamur
547 4184 625 4253 reliq·
648 4214 678 4224 -
698 4185 745 4251 ³4)
762 4187 866 4248 alluunt
883 4181 995 4236 Vindob.
1013 4211 1048 4221 —
1066 4184 1113 4245 35>

20 4246 107 4308 1518.
125 4261 229 4323 repertur
245 4270 362 4306 mmm
378 4254 462 4324 Agob.

54 4353 208 4421 Rtnsch,
224 4354 283 4411 Dus
299 4354 332 4413 11.
350 4355 381 4412 Τ.
400 4345 581 4412 Tertullisn's.
889 4343 906 4401 7
