3290 5266
575 510 620 526 ..
662 478 724 540 219
766 510 811 523 -.
939 469 1240 540 'fineXVLtd-tt.
1316 556 1318 563 y

402 652 438 683 '·
568 639 734 734 'priam
763 644 1033 711 ordimem...
1069 642 1240 709 Curenim

630 753 695 798 non
723 736 832 816 putes,
861 729 1002 795 animam
1024 732 1057 794 et
1076 731 1188 815 pamm
1208 732 1242 794 et

629 820 728 902 foveri
756 820 792 883 im
819 817 931 900 inferis
959 813 1087 880 interim
1109 813 1168 880 snb
1188 835 1242 880 ex·

630 903 828 988 spectatione
863 901 1030 985 utriusque
1065 898 1173 966 iudicii
1206 898 1240 965 in

631 989 772 1074 qondam
806 988 1016 1072 usurpatione
1045 990 1079 1053 et
1104 985 1242 1052 eandida

630 1075 721 1142 eius?
765 1074 866 1155 Anim.
889 1094 913 1139 o.
937 1078 989 1139 57.
1011 1096 1042 1158 p.
1067 1078 1137 1138 333.
1331 1132 1336 1139 ,

673 1165 724 1226 23.
746 1160 911 1245 Scriptura
929 1210 938 1228 .
959 1210 966 1224 .
985 1180 1068 1243 quae
1091 1159 1174 1224 ”ad
1190 1161 1241 1227 im·

628 1249 713 1332 feros
752 1245 905 1313 discernit
946 1245 1097 1312 Abrahae
1135 1247 1241 1312 siomm

628 1335 772 1421 pompari.
821 1331 919 1398 Aliud
948 1331 1031 1397 enim
1056 1332 1166 1415 inferi,
1203 1336 1242 1398 ut

508 1424 510 1429 '
629 1425 726 1504 poto,
760 1417 851 1484 aliud
879 1438 1006 1501 quoque
1026 1417 1176 1483 Abrahae
1196 1419 1241 1485 si-

448 1556 452 1567 .
524 1558 527 1565 .
629 1526 701 1571 nm.
743 1504 842 1569 Maro.
864 1492 918 1569 lv.
941 1524 967 1568 ο.
987 1509 1035 1569 34.
1057 1525 1089 1588 p.
1112 1507 1183 1568 329.

673 1595 722 1656 23.
740 1594 791 1655 24.
819 1590 862 1654 Et
888 1589 980 1656 diviti
1008 1590 1097 1675 opud
1122 1590 1242 1673 inferos

631 1677 743 1761 liapuo
770 1681 818 1742 est
846 1679 879 1740 et
904 1677 1042 1774 pauperi
1069 1676 1187 1760 dipitus
1209 1680 1242 1741 et

630 1764 722 1829 smus
735 1761 895 1828 Abrahae.
922 1761 1028 1825 Amin.
1045 1781 1072 1829 o.
1086 1767 1117 1826 9.
1126 1783 1158 1845 p.
1168 1766 1241 1826 227.

675 1852 824 1913 23-25.
855 1846 889 1913 Si
912 1846 989 1927 quid
1011 1849 1155 1913 tormenti
1175 1847 1241 1914 sive

632 1934 740 2000 solatii
776 1932 883 2000 anima
919 1933 1138 2017 ”praecerpit
1167 1933 1241 1998 ³⁸in

497 2070 502 2079 .
632 2040 761 2086 earcere
793 2041 853 2118 sen
887 2018 1062 2119 diversorio
1096 2021 1241 2103 informs,

631 2105 823 2259 emit
843 2104 1241 2274 timim:

632 2279 737 2344 Anim.
762 2298 788 2343 o.
812 2283 841 2343 7.
886 2280 989 2342 .222.

676 2366 824 2430 23-26.
859 2299 927 2429 iioo
963 2361 1130 2445 alienasset
1157 2364 1243 2430 divae

632 2451 738 2517 oeulos
770 2455 807 2515 et
840 2449 970 2533 quidem
1000 2449 1078 2516 dei
1145 2452 1241 2532 mque,

631 2535 694 2601 nisi
712 2535 746 2600 in
767 2535 952 2618 superiora,
983 2534 1076 2600 etde
1130 2534 1242 2600 titudi-

632 2622 682 2687 nis
709 2620 883 2704 longinquo
912 2641 970 2705 per
996 2622 1181 2688 immersam
1204 2621 1242 2685 il·

631 2708 697 2773 lem
739 2707 925 2773 dmtomiam
967 2705 1176 2772 sublimitatis
1211 2710 1244 2771 et

633 2791 872 2878 profunditatis.
915 2791 1008 2857 Unde
1037 2796 1175 2876 apparet
1190 2812 1243 2857 se-

633 2879 736 2963 pienti
757 2877 881 2961 mique,
902 2876 958 2961 qui
981 2877 1152 2961 aliquando
1170 2877 1243 2963 Ely-

633 2964 698 3030 sios
720 2963 872 3045 audierit,
903 2982 972 3029 esse
994 2964 1137 3047 aliquam
1156 2963 1243 3029 loca·

632 3050 696 3117 lem
725 3049 1024 3116 determinationem
1046 3069 1131 3133 quae
1154 3051 1244 3116 simm

633 3136 721 3202 dicta
743 3136 786 3201 sit
806 3136 957 3203 Abrahae
978 3134 1019 3202 ad
1040 3134 1244 3235 recipiendos

634 3222 757 3288 animas
789 3220 929 3286 filiorum
959 3221 1042 3302 eius,
1079 3226 1177 3286 etiam
1205 3243 1244 3287 ex

634 3306 817 3374 nationibus
834 3357 841 3371 .
858 3355 866 3371 .
884 3354 901 3370 ,ψ
913 3305 994 3374 Eem
1015 3308 1126 3391 itaque
1141 3307 1244 3392 regio-

574 3429 582 3443 =
633 3415 706 3459 nem
727 3396 834 3460 somma
855 3393 927 3458 dioo
948 3394 1114 3473 Abrahae,
1143 3392 1244 3459 ⁸⁴etsi

632 3501 697 3545 non
711 3479 890 3561 caelestem,
904 3478 1121 3547 sublimiorem
1135 3484 1245 3546 tamen

632 3568 764 3650 mseras:
784 3563 1132 3664 interim'rasripemmm
1143 3586 1244 3716 pree·

632 3652 772 3719 bituram
787 3650 954 3717 animabus
964 3656 1131 3732 iustorum
1166 3672 1246 3717 oneo

634 3736 864 3803 consummatio
897 3758 1004 3803 rerum
1039 3737 1249 3815 resnnactio2

634 3843 707 3888 nem
726 3823 866 3888 omnium
876 3822 1077 3907 plenitudine
1089 3823 1245 3889 mercedis

634 3913 806 3993 expungat.
821 3912 826 3924 “
843 3908 1008 3976 Maro-IV.
1028 3930 1055 3975 o.
1067 3913 1117 3975 34.
1129 3931 1161 3993 p.
1173 3913 1243 3991 329.

150 4055 355 4067 ⁸——

218 4130 263 4192 31)
286 4129 321 4185 11.
338 4129 397 4184 26⁰.
425 4133 452 4182 ot
477 4133 558 4196 inseris
580 4130 654 4185 Pam.
672 4129 731 4199 Rip.
750 4134 781 4184 od
800 4134 885 4193 inferos
902 4130 977 4200 reliq.
996 4160 1031 4172 -
1066 4131 1113 4200 ³2)
1130 4131 1164 4187 Π.
1185 4137 1245 4190 odd.

147 4202 265 4265 merop&
280 4196 339 4267 Rip.
355 4228 391 4241 ·-
408 4199 458 4268 33)
473 4203 499 4255 irs
515 4218 604 4254 torrem
621 4199 713 4255 (delen.
730 4197 804 4254 Pam.
822 4198 881 4269 Rip.
900 4219 990 4255 aarmre
1006 4204 1032 4253 is
1048 4218 1140 4269 corpore
1160 4201 1244 4275 Gagn

150 4270 175 4319 io
191 4285 286 4337 empore
300 4267 387 4339 spot.
405 4296 439 4307 —-
474 4268 522 4338 ³4)
538 4268 572 4323 II.
591 4271 650 4323 250.
667 4277 689 4322 et
705 4286 751 4325 m
767 4267 854 4323 Rhen.
871 4268 894 4323 Ι.
