2874 5262
468 489 684 555 ..51-

47 662 127 746 gelii
142 710 176 729 ..
199 662 514 743 demonstrationem,
537 669 811 747 praestructuram
841 664 999 741 ordinem,
1026 682 1122 745 quem

48 765 239 850 aggredimur.
283 763 511 830 Censtituimus
541 767 574 830 in
598 767 713 851 primis
742 765 1027 850 evangelicum
1058 765 1123 829 in·

46 872 296 934 strumentum
319 867 493 951 apostolos,
517 876 665 936 auctores
687 870 817 949 babere,
838 868 955 953 quibus
978 868 1039 933 hoe
1053 889 1122 933 mu-

45 992 92 1036 nus
110 971 263 1054 evangelii
285 971 511 1055 promulgandi·
537 973 578 1038 ab
605 973 676 1056 ipso
699 971 827 1037 domino
856 973 900 1038 sit
921 973 1122 1055 impositum

43 1075 65 1137 ai
84 1079 113 1137 et
131 1074 342 1157 apostolicos,
372 1096 437 1141 non
459 1080 569 1140 tamen
590 1076 690 1155 solos,
722 1074 780 1139 sed
803 1096 874 1139 oum
903 1074 1060 1159 apostolis
1091 1079 1123 1138 et

41 1180 102 1257 post
120 1176 301 1260 apostolos:
325 1178 477 1259 quoniam
497 1176 694 1260 praedicatio
717 1176 949 1262 discipulorum
972 1180 1122 1259 suspecta

41 1276 97 1343 fieri
116 1284 225 1361 posset
245 1279 285 1344 de
307 1279 431 1362 gloriae
454 1280 569 1360 studio,
593 1282 621 1345 si
643 1302 708 1345 non
723 1280 862 1345 adsistat
881 1279 928 1344 illi
942 1279 1119 1345 auctoritas
1251 1324 1254 1325 ν

40 1380 257 1463 magismorum,
279 1382 375 1448 immo
393 1381 520 1463 Christi,
543 1404 627 1465 quae
641 1382 812 1465 magistros
835 1382 998 1465 apostolos
1013 1382 1119 1461 feeit,“

39 1520 74 1533 -
91 1484 201 1549 mithin
230 1484 284 1548 die
306 1484 554 1552 Urbebersohait
584 1484 750 1570 beziiglioh
779 1485 836 1550 der
862 1484 1059 1568 Evasngelien
1088 1485 1121 1550 in

39 1586 205 1653 sordersber
225 1586 326 1652 Reihe
348 1589 499 1671 gewisseo
515 1589 678 1671 Aposteln,
701 1587 826 1653 sodann
840 1587 1121 1671 Apostelschiilern

38 1689 274 1773 zugesohn'eben
288 1689 353 1771 hat,
376 1691 533 1774 bestitigt
554 1712 589 1757 er
602 1690 730 1757 hierauf
749 1711 833 1756 zuar
855 1690 907 1756 die
922 1686 1122 1756 Vierzahl

36 1790 84 1856 der
103 1792 317 1875 Evangelien,
340 1792 429 1859 fiihrt
457 1794 536 1861 aber
564 1794 662 1858 deren
680 1793 852 1871 ,Verfasser
878 1794 912 1858 in
942 1793 1031 1858 einer
1058 1813 1120 1857 von

35 1892 84 1959 der
99 1894 240 1979 jetzigen
261 1895 795 1982 verschiedenenReihenfolge
816 1916 857 1960 an
872 1896 932 1959 mit
953 1895 1120 1960 denWor·

32 2002 94 2061 ten:
115 1997 283 2081 „Denique
303 1998 396 2067 nobis
417 1996 512 2063 fidem
535 2020 574 2063 ex
596 1999 749 2081 apostolis
772 1999 952 2067 Ioannes
973 2003 1007 2064 et
1021 1998 1119 2064 Mat-

31 2098 175 2165 thseus
197 2100 372 2180 insinuant,
395 2121 435 2165 ex
458 2101 644 2185 apostolicis
666 2101 796 2167 Lucas
820 2107 853 2171 et
874 2101 1042 2167 Marcus
1071 2103 1133 2167 in-'

29 2205 176 2283 staurant,
197 2202 315 2268 iisdem
335 2201 453 2286 regulis
475 2204 595 2270 exorsi.
612 2209 662 2273 ..“

105 2305 186 2373 Hier
209 2304 332 2371 sowohl
353 2305 402 2375 als
425 2306 506 2377 such
528 2326 555 2375 o.
570 2314 597 2387 5,
620 2328 667 2371 wo
690 2314 828 2391 ersagt:
854 2306 995 2388 „Eadem
1014 2316 1123 2374 aucto·

29 2409 99 2473 ritas
121 2409 336 2475 ecelesiarum
357 2409 605 2492 apostolicarum
626 2410 763 2476 caeteris
785 2429 913 2493 quoque
934 2411 1122 2495 patrocina-

28 2508 108 2577 bitur
128 2510 318 2596 evangeliis,
339 2532 422 2595 quae
437 2511 578 2595 proinde
605 2533 664 2595 per
686 2512 758 2577 illas
785 2518 818 2578 et
840 2513 1017 2580 seeundum
1049 2514 1122 2580 illas

27 2611 191 2695 babemus,
217 2613 391 2680 Joannis
414 2614 486 2680 dieo
508 2620 540 2679 et
559 2614 778 2695 Matthaei;
800 2614 875 2680 lieet
904 2621 937 2681 et
958 2616 1122 2685 Marcus

27 2716 104 2797 quod
126 2718 235 2784 edidit
248 2716 336 2783 Petri
357 2716 544 2797 affirmetur,
567 2718 659 2781 ouius
679 2718 837 2800 interpres
857 2717 995 2784 Marcus.
1038 2720 1121 2786 Nam

26 2824 53 2881 et
78 2819 214 2886 Lucae
245 2820 404 2904 digestum
428 2819 527 2886 Paulo
556 2819 739 2886 adscribere
768 2820 886 2901 solent;
914 2822 1000 2905 oapit
1020 2824 1120 2905 magi·

24 2926 157 2989 ebrorum
189 2923 297 2989 videri
328 2943 411 3006 quae
439 2922 588 3006 discipuli
616 2923 888 3007 promulgarint,“
924 2962 962 2973 -
993 2926 1121 2991 werden

25 3043 78 3089 von
99 3025 168 3091 ihm
200 3026 256 3091 die
284 3023 632 3108 Evangeliensohriften
661 3025 717 3090 des
737 3026 943 3092 Johannes
971 3028 1038 3091 und
1065 3027 1122 3093 des

24 3124 236 3195 Mattheus
260 3127 488 3211 vorangestellt
509 3128 575 3194 und
590 3128 643 3194 die
665 3127 780 3194 beiden
794 3129 935 3205 anderen
957 3135 1024 3194 erst
1036 3129 1120 3195 nach

25 3228 193 3300 denselben
219 3236 372 3316 genaont.
902 3294 903 3298 ,

97 3336 187 3403 Darf
206 3356 287 3401 man
308 3334 436 3399 hieraus
457 3333 647 3414 sohliessen,
677 3334 752 3399 dass
781 3335 815 3398 in
837 3334 957 3399 seinem
979 3335 1125 3419 Evange-

23 3433 107 3504 licum
134 3441 395 3505 instrumentum
432 3437 485 3502 die
511 3435 717 3519 Reihenfolge
746 3436 897 3503 dernier
926 3437 1120 3522 Evangelien

22 3542 83 3607 eine
105 3544 225 3610 diesen
257 3540 375 3607 beiden
396 3538 627 3622 Anfdhrungen
652 3539 904 3623 entspreohende
932 3561 1020 3622 war,
1048 3541 1123 3607 dass

23 3640 171 3713 demnaeh
207 3645 268 3713 bei
287 3643 352 3708 ihm
375 3643 434 3711 das
464 3643 884 3726 Johannesevangelium
911 3642 963 3708 die
992 3650 1123 3726 erote,

23 3744 516 3829 dasMatthiiusevangelium
526 3745 579 3810 die
600 3746 746 3810 zweite
758 3744 857 3811 Stelle
874 3750 934 3811 etc.
947 3747 1120 3813 einnahmi

96 3852 169 3920 Von
194 3849 362 3917 mamohen
377 3849 550 3914 Gelehrten
573 3849 617 3915 ist
639 3868 749 3933 wegen
771 3849 829 3914 der
848 3848 1124 3935 Primitrstellung,

22 3952 65 4018 die
88 3955 155 4022 den
187 3951 417 4022 betreffenden
445 3952 521 4015 zwei
547 3952 703 4035 Aposteln
733 3951 946 4032 anderwitrts,
976 3975 1001 4018 z.
1023 3954 1059 4019 B.
1090 3955 1125 4019 in

22 4060 166 4137 gewissen
190 4054 656 4138 Evangelienhandsohriften,
680 4056 881 4137 einger'atumt
907 4055 1001 4136 wird,
1035 4056 1124 4123 diese

22 4156 111 4245 Frage
134 4161 262 4247 bejsht
285 4156 421 4223 worden.
466 4158 557 4222 Denn
581 4164 703 4224 erstens
725 4156 832 4222 haben
859 4157 911 4222 die
933 4160 1001 4224 vier
1022 4158 1127 4226 Evan-

29 4263 111 4342 geben
136 4259 390 4332 nachstehende
414 4259 647 4342 Reihenfolge2.

346 4412 349 4419 .
870 4365 915 4429 4,*
