2874 5262
558 554 773 617 -21-

114 714 269 783 friiheren
298 718 369 784 Zeit
398 718 585 805 angehtirig,
613 719 661 787 als
691 721 743 787 die
772 722 815 788 de
836 721 941 805 Fuga
965 722 1005 786 iu
1024 720 1216 784 Persecu-

113 820 239 885 tione.

115 920 203 987 VIII.
248 923 347 990 Ieiun.
370 945 397 990 c.
424 931 450 989 1.
473 948 503 1011 p.
526 932 606 993 390:
633 928 683 994 De
704 926 800 993 modo
822 926 951 1011 quidem
981 922 1123 990 nubendi
1151 923 1214 987 iam

271 1026 429 1095 edidimus
451 1031 674 1114 monogamiae
697 1030 922 1098 defensionem.

203 1128 248 1193 Es
276 1128 323 1195 ist
349 1131 465 1197 mithin
493 1133 539 1198 de
561 1131 829 1218 Monogamia
860 1131 970 1199 friiher
996 1127 1216 1215 geschrieben

114 1231 166 1296 als
189 1231 237 1298 de
258 1231 421 1299 Ieiuniis
442 1236 631 1302 adversus
650 1235 866 1322 Psychicos.

113 1333 172 1400 lx
218 1335 348 1400 Resurr.
372 1342 458 1402 ut:
481 1337 590 1404 Habet
610 1342 644 1403 et
665 1338 728 1405 iste
744 1339 919 1424 (Lucanus)
944 1359 964 1404 a
985 1336 1078 1403 nobis
1099 1282 1217 1451 plenis-

271 1438 385 1504 simum
409 1440 449 1506 de
471 1441 557 1506 omni
578 1446 643 1507 stat
644 1464 666 1507 u
688 1443 815 1508 animae
838 1443 961 1521 stilum,
986 1460 1082 1524 quam
1115 1437 1217 1521 inpri-

271 1542 331 1608 mis
353 1541 566 1609 immortalem
588 1549 725 1625 tuentes,
746 1547 844 1612 solius
868 1544 974 1610 carnis
1004 1548 1037 1608 et
1064 1540 1217 1607 defectio-

271 1666 344 1711 nem
366 1647 569 1731 agnoscimus
592 1653 624 1713 et
644 1647 848 1715 refectionem
871 1668 944 1713 cum
965 1646 1102 1711 maxime
1125 1643 1217 1709 adse-

271 1749 446 1815 rimus-
475 1770 501 1815 c.
528 1755 566 1814 17
576 1774 583 1815 :
613 1750 680 1817 Nos
710 1756 817 1819 autem
848 1752 989 1816 animam
1017 1746 1217 1831 corporalem

272 1857 306 1918 et
333 1852 386 1918 hic
414 1852 603 1937 profitemur
631 1854 725 1918 etin
753 1874 811 1919 suo
841 1853 1002 1919 volumino
1031 1852 1215 1935 probamus,

274 1952 445 2020 habentem
476 1955 641 2040 proprium
675 1976 775 2039 genus
804 1956 1004 2022 substantiae
1033 1953 1215 2032 soliditatis,

271 2078 329 2142 per
349 2080 446 2142 quam
470 2058 548 2142 quid
568 2064 603 2124 et
625 2060 744 2125 sentire
766 2064 799 2125 et
820 2059 888 2145 pati
910 2057 1020 2143 possit.
1043 2094 1087 2105 -
1108 2078 1133 2120 c.
1157 2059 1215 2120 45:

272 2160 357 2226 Nam
378 2167 412 2226 et
434 2161 549 2227 exinde
570 2183 591 2226 a
611 2161 837 2229 benedictione
865 2162 1033 2247 geniturae
1062 2182 1138 2227 caro
1168 2164 1216 2225 at

273 2284 336 2347 que
364 2265 474 2332 anima
495 2263 591 2330 simul
619 2264 702 2330 fiunt
728 2265 797 2331 sine
828 2263 952 2330 calculo
981 2264 1149 2348 temporis,
1180 2268 1218 2328 ut

274 2388 357 2450 quae
387 2367 483 2433 simul
512 2366 546 2432 in
580 2372 674 2433 utero
702 2368 800 2434 etiam
821 2368 1028 2461 seminantur,
1052 2369 1139 2451 quod
1161 2367 1217 2433 do-

272 2468 394 2534 cuimus
429 2471 463 2535 in
491 2471 720 2536 commentario
749 2469 884 2536 animae.
915 2508 956 2521 -
987 2469 1026 2535 cs.
1057 2470 1159 2535 hnim.
1190 2491 1217 2535 c.

273 2576 329 2637 27:
358 2571 460 2638 Simul
487 2573 601 2641 ambas
631 2578 665 2638 et
692 2573 817 2657 concipi
843 2579 876 2640 et
908 2572 1021 2639 confici
1052 2579 1086 2639 et
1106 2572 1217 2657 perfici

274 2673 415 2758 dicimus,
439 2676 523 2742 sicut
545 2682 578 2742 et
598 2675 710 2761 promi,
733 2697 792 2741 nec
812 2674 913 2741 ullum
934 2677 1128 2743 intervenire
1150 2697 1217 2742 rno-

272 2784 413 2844 mentum
434 2780 469 2845 in
488 2785 642 2863 conceptu
665 2799 729 2863 quo
748 2778 837 2844 locus
859 2777 1034 2844 ordinetur.

206 2881 266 2947 Die
281 2881 402 2948 Schriit
424 2882 469 2947 de
490 2882 624 2949 Anima
645 2882 690 2948 ist
710 2879 841 2964 iolglich
864 2880 939 2945 eher
959 2880 1146 2963 verabfasst
1169 2881 1218 2948 als

112 2987 174 3051 die
195 2982 242 3050 de
265 2984 592 3052 Resurrectione
615 2983 773 3051 Carnis.

111 3090 158 3156 X.
203 3087 301 3155 Marc.
323 3087 348 3153 Ι.
373 3110 397 3154 c
424 3094 437 3153 1
462 3110 528 3155 em:
558 3087 621 3155 Sed
642 3087 725 3154 ahos
747 3085 873 3152 libellus
902 3085 988 3152 hunc
1009 3085 1146 3171 gradum
1168 3108 1219 3151 su·

273 3188 405 3257 stinebit
427 3190 580 3257 adversus
600 3190 793 3270 haereticos,
815 3189 912 3254 etiarn
942 3190 1012 3256 sine
1039 3194 1218 3256 retractatu

201 3329 206 3337 ·
276 3293 495 3360 doctrinarum
519 3293 736 3372 revincendos,
766 3292 860 3375 quod·
876 3292 938 3358 hoc
959 3292 1025 3359 sint
1053 3292 1094 3359 de
1123 3314 1217 3377 prae·

274 3396 448 3480 scriptione
468 3396 630 3462 novitatis.

197 3499 382 3566 ·Tertullian
402 3498 461 3566 hat
479 3497 594 3564 mithin
617 3498 815 3566 adversus
831 3499 1085 3564 Marcionem
1107 3501 1131 3565 l.
1154 3498 1220 3565 frit·

114 3605 181 3671 her
202 3602 417 3686 geschrieben,
441 3603 489 3669 als
511 3603 558 3669 de
578 3601 895 3686 Praescriptione
916 3602 1219 3668 Haereticorum.

114 3706 176 3774 XL
221 3704 369 3791 Hermog.
392 3727 418 3771 c.
444 3707 542 3773 l.in.:
567 3704 712 3772 Solemus
738 3704 911 3772 haereticis
942 3703 1119 3788 compendii
1150 3726 1221 3789 gra

274 3809 323 3874 tia
343 3808 384 3874 de
406 3809 596 3893 posteritate
618 3809 849 3893 praescribere.

207 3912 268 3978 Die
290 3910 410 3977 Schriit
440 3911 484 3978 de
512 3912 828 3996 Praescriptione
855 3912 1151 3979 Haereticorum
1179 3913 1223 3977 ist

115 4039 178 4084 vor
202 4015 261 4082 der
282 4014 466 4081 advorsus
489 4015 763 4101 Hermogenem
785 4015 934 4083 verfasst.

118 4120 194 4189 XII.
241 4117 334 4183 Garn.
358 4137 384 4182 o.
407 4122 427 4182 2
448 4139 511 4183 eru:
542 4117 606 4183 Sed
626 4117 751 4202 plenius
782 4118 937 4185 eiusmodi
963 4117 1223 4204 praescriptioni·

276 4219 337 4286 bus
360 4218 528 4285 ·adversus
559 4242 668 4287 omnes
708 4221 857 4289 haereses
890 4222 968 4289 alibi
997 4223 1063 4287 iarn
1092 4222 1141 4286 usi
1167 4243 1220 4286 su-

275 4343 356 4388 mus.
386 4359 429 4371 -
459 4341 484 4388 c.
514 4327 548 4388 8:
577 4322 734 4408 Angelum
756 4327 915 4407 quendam
945 4323 1088 4391 inchtum
1118 4322 1218 4389 nomi·
