2874 5262
496 427 737 489 ..3..·

155 592 445 661 Tertullianus
479 593 843 679 presbyter'nunc
878 593 1027 662 demum
1057 590 1145 683 pri-

71 717 135 763 uns
166 703 262 782 post
290 697 571 764 Victoremet
598 699 866 783 Apollonium
897 698 1143 768 Latinorum

69 799 230 882 ponitur,
258 801 503 884 provinciae
532 801 716 881 Africae,
747 803 935 869 civitatis
969 804 1142 871 Cartha-

68 903 270 986 giniensis,
300 910 420 988 patre
439 906 692 972 centurione
714 905 1018 990 proconsulari.
1062 907 1141 973 Hic

66 1006 157 1073 acris
177 1013 217 1073 et
236 1007 493 1075 vehementis
515 1008 679 1092 ingenii
697 1008 1140 1094 subSereroprincipe

66 1114 96 1173 et
119 1110 320 1178 Antonino
352 1110 574 1178 Caracalla
609 1111 781 1176 maxime
807 1111 960 1177 floruit
989 1113 1141 1179 multa-

65 1233 127 1295 que
159 1215 332 1299 scripsit
366 1214 595 1298 volumina,
636 1235 747 1301 quae,
784 1215 881 1298 quia
910 1221 1010 1282 nota
1043 1221 1140 1282 sunt
1225 1281 1228 1288 .

64 1315 257 1399 pluribus,
286 1320 680 1402 praetermittimus.
730 1318 826 1384 Vidi
846 1340 915 1404 ego
938 1320 1139 1403 quendam

62 1418 210 1487 Paulum
229 1419 498 1503 Concordiae,
531 1422 638 1506 quod
667 1421 862 1506 oppidum
883 1423 1041 1489 ltaliae
1069 1427 1140 1502 est,

62 1542 175 1590 senem
203 1525 273 1608 qui
295 1545 338 1591 se
359 1525 472 1589 beati
494 1520 697 1610 Cypriani
718 1527 798 1590 iam
821 1525 995 1608 grandis
1024 1530 1139 1591 aeta·
1226 1530 1230 1542 '

62 1625 106 1692 tis
125 1628 339 1707 notarium,
375 1648 494 1711 quum
514 1630 604 1712 ipse
627 1627 841 1694 admodum
865 1634 975 1696 esset
997 1629 1139 1696 adole·

60 1750 176 1813 scens,
214 1731 364 1798 Romae
391 1730 744 1813 vidissedioeret,
782 1732 1026 1815 referreque
1058 1731 1139 1798 sibi

63 1832 213 1901 solitum
248 1856 457 1917 nunquam
493 1833 745 1920 cyprianum
776 1834 933 1918 absque
969 1835 1139 1900 Tertul-

60 1933 149 2002 liani
180 1938 369 2006 lectione
399 1960 516 2005 unam
552 1938 657 2003 diem
694 1937 953 2021 praeterisse
983 1957 1028 2003 ac
1056 1937 1139 2003 sibi

60 2037 186 2105 crebro
209 2040 366 2107 dicere:
396 2042 456 2108 Da
482 2042 743 2126 magistrum!
766 2079 806 2092 -
830 2039 1139 2107 Tertullianum

58 2140 246 2209 videlicet
285 2145 551 2228 significans.
602 2144 676 2210 Hic
712 2165 844 2229 usqne
879 2144 929 2210 ad
965 2144 1139 2210 mediam

58 2252 227 2314 aetatem
250 2247 476 2334 presbyter
498 2245 964 2331 ecclesiaepermansit,
987 2246 1139 2312 invidia

56 2354 176 2429 postea
205 2356 243 2417 et
271 2351 515 2418 contumeliis
546 2349 770 2415 clericorum
791 2350 984 2416 Romanae
1012 2348 1139 2415 eccle-

56 2449 133 2518 siae
160 2454 209 2519 ad
231 2454 423 2521 Montani
454 2454 597 2536 dogma
630 2452 826 2535 delapsus
856 2452 897 2517 in
924 2452 1069 2518 multis
1090 2451 1140 2518 li-

55 2550 131 2620 bris
150 2578 280 2624 norae
302 2555 557 2641 prophetiae
579 2556 781 2636 meminit,
803 2556 1051 2639 specialiter
1072 2578 1141 2622 au·

57 2660 123 2724 tem
165 2661 379 2728 aduersum
421 2658 645 2725 ecclesiam
680 2657 821 2724 texuit
854 2659 1064 2725 volumina
1094 2659 1141 2725 de

53 2757 276 2845 Pudicitia,
299 2762 347 2829 de
369 2761 757 2842 Persecutione,de
778 2763 968 2844 Ieiuniis,
989 2763 1037 2830 de
1059 2762 1141 2829 Mo·
1195 2752 1198 2757 ¹

53 2868 251 2949 nogamia,
295 2866 340 2933 de
376 2866 543 2932 Eustasi
578 2866 714 2933 libros
741 2887 809 2931 sex
845 2870 888 2932 et
922 2867 1138 2950 septimum

54 2984 159 3046 quem
179 2970 404 3037 aduersum
422 2970 692 3053 Apollonium
711 2969 959 3053 composuit,
980 2969 1138 3035 fertur·

52 3089 120 3151 que
157 3074 323 3139 vixisse
354 3094 490 3156 usque
522 3073 572 3139 ad
605 3071 860 3156 decrepitam
896 3078 1072 3138 aetatem
1104 3078 1142 3139 et

50 3174 184 3257 multa,
215 3197 325 3261 quae
356 3198 434 3241 non
457 3181 652 3257 exstant,
672 3176 876 3260 opuscula
898 3176 1140 3242 condidisse.

122 3279 172 3344 An
194 3278 250 3345 die
271 3278 611 3371 einzelnenAngaben
634 3277 739 3344 dieser
759 3301 822 3346 von
836 3280 1048 3365 Hieronymus
1071 3279 1142 3344 hin·

51 3377 238 3447 tsrlassenen
268 3381 389 3448 kumen
408 3382 607 3466 Biographie
628 3382 739 3448 wollen
765 3383 822 3449 wir
847 3383 931 3467 jetzt
957 3383 1062 3467 einige
1092 3404 1142 3448 er·

50 3484 201 3560 amande
222 3486 469 3569 Bemerlnmgen
489 3485 682 3570 ankniipfen.

122 3586 208 3654 Dass
231 3589 419 3655 zuvdrderst
441 3589 498 3655 der
519 3589 619 3654 Manu
640 3589 706 3654 und
721 3587 882 3670 Gelehrte,
905 3609 968 3654 von
989 3589 1140 3655 welchem

50 3686 97 3753 uir
114 3692 288 3776 sprechen,
309 3692 498 3759 dieNamen
517 3691 697 3770 Quintus
720 3691 952 3775 Septimius
966 3692 1141 3759 Florens

50 3786 346 3862 Tertullianus
367 3800 452 3880 trug,
474 3797 517 3861 ist
537 3784 807 3861 handschriftlich
837 3818 894 3860 zur
917 3796 1048 3881 Geniige
1074 3818 1143 3863 ver-

51 3892 141 3981 blirgt.
188 3899 292 3966 Nicht
312 3899 437 3965 minder
459 3898 533 3964 sind
554 3920 588 3964 es
611 3899 801 3981 wenigstens
832 3899 908 3963 zuei
928 3899 1021 3983 jener
1050 3906 1143 3965 auto·

50 4002 266 4069 nomatischen
289 4002 573 4083 Schlussformeln,
595 4001 629 4066 in
652 4001 755 4066 denen
778 4021 813 4066 er
835 4002 905 4066 sich
927 4001 1023 4069 theiis
1046 4003 1144 4069 Ter-

51 4101 266 4187 tullianus,
308 4105 404 4172 theiis
441 4105 674 4189 Septimius
708 4104 1000 4171 Tertullianus
1034 4112 1143 4187 nennt,

53 4200 135 4273 deren
162 4208 321 4275 Echtheit
351 4230 434 4276 zuar
471 4229 532 4274 von
562 4208 723 4274 Manchen
759 4208 980 4294 angezweifelt
1015 4209 1145 4276 worden

899 4315 944 4379 1*
