2824 5260
712 524 1047 606 -οοο-,

365 696 435 773 gine
454 695 550 755 Maria
571 692 666 754 filium
688 690 736 752 dei
758 693 916 773 creatoris,
955 699 986 756 et
1006 697 1106 758 earnis
1127 701 1367 761 resurrectionen.

367 814 406 825 -
429 782 519 841 Prar.
543 799 569 840 ο.
593 783 630 839 2:
653 779 780 851 Unicum
802 776 921 854 quidem
946 780 1033 842 denm
1054 782 1225 864 eredimus,
1255 787 1305 846 snlr
1320 787 1367 847 hrt

365 871 463 926 tamen
495 865 715 943 dispensatione
741 883 830 940 quam
860 863 1039 943 οἰκονομίαν
1069 867 1214 949 dicimus,
1247 873 1366 932 atanici

365 951 412 1011 dei
435 952 474 1011 sit
494 954 525 1010 et
546 950 625 1011 lilius
646 967 743 1010 sermo
765 949 871 1029 ipsius,
895 952 947 1027 qni
969 971 1006 1013 ex
1028 954 1094 1030 ipse
1116 958 1306 1035 precesserit,
1324 976 1367 1034 per

371 1055 459 1113 quem
479 1037 578 1097 omnia
599 1036 680 1096 faeta
700 1039 778 1121 snnt'
792 1038 821 1094 et
840 1035 904 1095 sine
923 1056 983 1113 qno
998 1038 1109 1099 laetam
1124 1039 1271 1101 estnihil
1296 1043 1366 1102 llnne

365 1123 486 1184 missum
512 1141 532 1181 a
559 1126 646 1199 patre
672 1122 702 1180 in
724 1121 870 1197 virginem
892 1124 981 1182 etex
1005 1142 1041 1184 ea
1060 1130 1164 1185 natum
1186 1126 1366 1187 heminenet

365 1206 469 1288 deum,
501 1206 595 1267 liliam
616 1206 743 1267 hominis
764 1210 794 1265 et
816 1204 907 1265 filium
929 1206 993 1288 dei,
1026 1214 1056 1269 et
1077 1212 1316 1288 cognominatam
1332 1213 1365 1272 le

363 1311 428 1354 eum
450 1293 617 1371 Christum
646 1292 726 1352 hune
748 1307 887 1371 passum,
910 1294 990 1353 hune
1011 1300 1160 1355 mortuum
1183 1300 1215 1357 et
1235 1300 1366 1375 sepultum

363 1378 523 1439 seeundum
552 1379 716 1455 scripturas
745 1381 775 1437 et
802 1379 1009 1440 resuscitatum
1038 1399 1057 1439 a
1083 1386 1172 1459 patre
1195 1386 1226 1442 et
1247 1384 1277 1443 in
1298 1385 1363 1443 rade

363 1470 548 1543 resumptam
569 1463 672 1525 sedere
694 1461 733 1523 ad
755 1461 906 1523 dexteram
929 1466 1040 1545 patris,
1068 1472 1231 1528 venturum
1252 1468 1363 1529 indicere

363 1551 448 1611 vivos
470 1555 500 1610 et
521 1555 670 1627 mortnea;
692 1549 744 1626 qui
766 1547 873 1608 exinde
895 1550 1007 1611 miserit
1029 1552 1194 1613 seeundum
1215 1556 1363 1631 promisee

363 1653 430 1695 nem
452 1654 536 1696 suam
558 1654 577 1695 a
597 1639 683 1714 patre
705 1634 843 1711 spiritum
864 1638 998 1696 sanetum
1020 1639 1223 1718 paracletum,
1255 1639 1361 1700 sanctii

362 1724 493 1781 astarem
524 1720 594 1781 fidei
623 1739 724 1780 eornm
753 1720 805 1796 qui
836 1720 961 1781 eredunt
990 1722 1019 1782 in
1048 1727 1166 1800 patrem
1188 1728 1220 1784 et
1237 1724 1360 1785 iilinnet

364 1808 500 1883 spiritum
521 1810 664 1867 sanetum.
710 1808 794 1865 Ηοοο
814 1809 944 1881 renatam
965 1807 1003 1867 ab
1023 1809 1106 1868 initio
1129 1811 1278 1887 evangelii
1292 1810 1359 1871 decr

363 1892 491 1953 currisse
513 1936 522 1953 .
545 1937 553 1952 .
577 1937 585 1952 .
606 1924 651 1936 -
691 1890 779 1967 Apol.
803 1909 829 1951 ο,
857 1895 912 1952 18:
936 1936 964 1952 ..
980 1912 1039 1970 que
1064 1895 1273 1972 praedicarent
1292 1895 1359 1955 dean

363 1977 481 2038 unitum
509 1995 589 2056 esse,
622 1978 674 2054 qui
704 1977 844 2038 universa
871 1976 1054 2059 condiderit,
1090 1982 1143 2057 qni
1170 1982 1310 2041 hominem
1328 1980 1358 2039 da

362 2061 451 2122 humo
480 2062 624 2123 struxerit
647 2107 654 2120 .
679 2106 686 2121 .
715 2061 823 2123 exinde
852 2081 931 2139 quae
952 2065 1037 2142 signa
1059 2066 1224 2127 maiestatis
1244 2085 1308 2127 anae
1324 2067 1356 2126 ia·

362 2146 489 2207 ditantis
517 2146 643 2208 ediderit
663 2165 719 2224 per
740 2147 867 2228 imbres,
889 2167 945 2227 per
966 2151 1067 2230 ignes,
1103 2171 1180 2229 quas
1203 2150 1355 2212 demerenda

359 2231 417 2291 sibi
445 2231 615 2310 disciplinas
645 2233 885 2294 determinaverit
915 2279 953 2294 ..
984 2239 1018 2296 nt
1048 2237 1101 2314 qni
1130 2236 1274 2314 prodacto
1298 2255 1354 2297 aera

359 2318 416 2378 ieta
445 2317 629 2379 indieaturus
657 2319 696 2378 sit
724 2337 793 2379 anos
822 2320 951 2380 cultores
980 2322 1011 2381 in
1032 2322 1113 2383 vitae
1133 2326 1273 2383 aeternae
1290 2322 1354 2382 reti

360 2404 530 2485 tutionem,
567 2404 708 2483 profanos
736 2406 766 2464 in
795 2405 894 2482 ignem
923 2422 1020 2483 aeque
1040 2412 1195 2485 perpetem
1219 2412 1249 2468 et
1269 2411 1354 2485 inger,

361 2490 511 2551 surditatis
541 2488 675 2551 omnibus
706 2489 743 2549 ab
764 2490 848 2551 initio
871 2490 1019 2553 defunctis
1041 2498 1071 2554 et
1091 2493 1261 2554 reformatis
1280 2500 1306 2553 et
1321 2510 1355 2551 re

361 2575 480 2636 eensitis
502 2575 540 2634 ad
562 2576 717 2651 utriusque
737 2576 834 2636 meriti
856 2575 1100 2655 dispunctionem.
1122 2612 1164 2622 -
1187 2578 1273 2655 Virg.
1293 2596 1315 2638 e.
1330 2582 1353 2637 l:

361 2664 468 2737 litante
497 2660 617 2738 quidem
643 2662 713 2737 fidet
739 2679 799 2721 una
827 2664 945 2723 omnino
973 2669 1033 2743 est,
1068 2664 1132 2724 sela
1161 2664 1357 2723 immobilisel

360 2745 601 2826 irreformabilis,
640 2744 780 2806 credendi
806 2748 920 2808 scilieet
940 2749 969 2807 in
992 2749 1110 2810 unitum
1134 2748 1223 2809 deum
1246 2749 1356 2825 omnine

358 2835 470 2892 tentem
505 2830 607 2892 mundi
642 2831 841 2912 uenditorem,
876 2838 907 2893 et
942 2832 1035 2894 filium
1068 2835 1131 2894 eius
1168 2835 1265 2895 lesum
1290 2834 1357 2894 cle

359 2921 454 2996 etum,
490 2921 593 2978 netum
623 2936 661 2977 ex
688 2918 806 2996 virgine
834 2919 944 2996 Maria,
981 2918 1155 2980 crucifixum
1184 2920 1242 2981 snb
1267 2920 1358 2980 Pontio

359 3003 473 3083 Pilato,
511 3004 601 3063 tertia
630 3002 679 3063 die
706 3004 912 3064 resuscitatum
940 3023 958 3063 a
987 3007 1123 3085 mortuis,
1161 3006 1358 3083 reeeptmnin

359 3088 466 3167 melis,
500 3087 652 3149 sedentem
675 3107 753 3149 nune
774 3089 813 3146 ed
834 3089 986 3150 dexteram
1008 3091 1120 3171 patria,
1150 3096 1308 3153 venturum
1325 3091 1358 3150 'm-

359 3173 460 3234 dieare
488 3175 574 3234 vivos
602 3179 633 3234 et
661 3178 792 3234 mertuos
813 3192 868 3251 per
890 3176 987 3235 earnis
1008 3177 1096 3236 etiam
1117 3179 1357 3239 resurrectionem

359 3290 400 3302 —
431 3260 530 3319 Wenn
559 3278 627 3321 man
650 3260 851 3339 wahrnimmt,
889 3263 945 3321 wie
966 3260 1134 3322 bedentend
1155 3298 1200 3308 -
1222 3267 1298 3323 treta
1316 3261 1358 3321 der

358 3342 412 3403 der
434 3347 542 3419 lisania
570 3348 639 3419 fidei
664 3363 724 3404 ven
745 3346 912 3406 Tertullian
939 3346 1126 3425 beigelegten
1147 3348 1358 3426 Unbeaeglielr·

357 3429 420 3490 lreit
449 3428 510 3489 und
531 3428 852 3491 Unvertnderliehlreit
871 3465 915 3476 -—
941 3432 1022 3493 dieae
1042 3434 1125 3494 seine
1145 3433 1359 3495 Glaubenseun·

358 3516 469 3574 marien
499 3519 586 3576 anter
614 3515 755 3576 einander
784 3515 933 3578 differiren
961 3517 1023 3578 und
1053 3518 1122 3579 dass
1150 3520 1237 3581 nieht
1257 3518 1358 3580 blesin

359 3598 423 3659 drei
445 3599 601 3662 derselben
623 3601 675 3663 des
698 3606 815 3676 spiritua
836 3614 958 3673 οοοοεοο,
981 3603 1110 3665 sendern
1132 3623 1225 3683 sogar
1240 3607 1270 3665 in
1284 3606 1360 3665 ilrnen

359 3690 464 3747 sammt
491 3686 554 3746 und
582 3686 706 3747 sondera
734 3688 814 3747 eines
844 3692 989 3748 daromam
1017 3695 1057 3749 ad
1084 3693 1194 3764 inseror
1216 3692 1298 3751 nieht
1317 3690 1359 3749 Er·

359 3771 510 3849 wthnung
530 3773 642 3849 gethan
662 3773 717 3850 ist,
752 3790 785 3832 se
808 3790 888 3834 musa
909 3793 977 3833 man
999 3774 1062 3835 sieh
1084 3775 1209 3854 frsgen,
1232 3772 1360 3836 mitari

358 3856 443 3917 ehem
458 3858 572 3918 Reehte
588 3856 636 3917 die
646 3858 1140 3921 Kateehismue·Grammatelatrie
1153 3880 1279 3922 unaerer
1288 3862 1361 3937 'lage

359 3941 412 4003 das
430 3942 574 4020 Abgehen
596 3962 656 4004 ven
677 3943 829 4013 einzelnen
851 3945 958 4005 Sttaen
981 3945 1035 4005 der
1056 3944 1208 4025 Symbole‚
1230 3948 1304 4007 tiber
1322 3946 1360 4003 die

358 4028 441 4089 nieht
469 4029 576 4089 einmal
602 4030 633 4089 in
654 4028 707 4088 der
729 4031 808 4090 alten
828 4030 941 4091 Kirehe
962 4032 1010 4091 ein
1030 4032 1225 4110 allgemeiner
1248 4032 1359 4093 doner

357 4132 408 4177 sus
429 4114 593 4175 bestanden
615 4115 681 4194 hat,
703 4133 740 4175 zu
761 4116 964 4176 verurtheilen
984 4116 1047 4177 und
1068 4116 1299 4195 heispieleweise
1316 4116 1360 4174 dra

358 4218 415 4260 von
437 4202 605 4262 Tertullian
625 4201 711 4265 ›neeh
740 4201 822 4261 nieht
848 4200 1000 4279 gekannte
1020 4202 1139 4279 Degma
1166 4221 1226 4264 ven
1256 4202 1307 4263 der
1322 4218 1358 4260 ae

358 4303 425 4361 gen.
448 4287 638 4348 Hellenfahrt
660 4286 770 4348 Christi
790 4305 827 4346 ru
849 4288 943 4348 einem
965 4287 1178 4349 Kennneiehen
1198 4288 1256 4350 der
1267 4287 1358 4349 Betht-
