2874 5262
498 494 542 514 ...
584 462 625 530 63
669 499 712 515 ...
894 461 998 535 [Maon
1017 461 1063 534 lv,
1083 469 1105 523 1.
1127 466 1151 522 2.

586 640 632 701 17.
647 636 720 702 Νοιι
748 638 825 704 lieet
852 637 944 705 nobis
964 639 998 705 in
1020 639 1154 705 dubium

541 742 655 788 sensus
682 723 763 790 istos
790 745 956 805 revocare,
985 746 1026 791 ne
1056 730 1090 791 et
1120 725 1153 789 in

515 854 523 868 .
541 805 669 873 Christo
690 809 730 876 de
743 809 806 876 fide
818 831 928 877 eorum
941 811 1152 878 deliberetur:

538 914 580 957 ne
615 895 699 961 forte
736 897 863 962 dicatur
885 897 971 981 quod
1069 896 1151 963 falso

538 999 641 1045 vocem
674 983 775 1065 patris
809 981 947 1049 audierit
996 984 1037 1049 de
1080 984 1152 1067 ipso

539 1064 753 1137 testificatam.
776 1068 880 1136 Auim,
904 1089 930 1134 c.
955 1075 1002 1136 17.
1025 1092 1056 1153 p.
1080 1073 1151 1134 245.

402 1372 406 1387 ·
441 1335 517 1423 Cap.
539 1338 592 1405 IV.

583 1484 694 1545 l-ll.
714 1480 789 1564 Ipse
811 1502 833 1546 a
851 1481 1151 1564 diobolotempiatus

535 1565 717 1647 praesidem
755 1571 788 1633 et
825 1567 980 1633 artificem
1014 1572 1150 1651 tempta·

535 1650 632 1716 tionis
661 1651 899 1719 demonstrarit.
943 1652 1033 1719 Orat.
1063 1673 1088 1718 e.
1120 1658 1149 1720 8.

619 1822 727 1905 Ipsum
742 1823 905 1888 dominum
906 1830 981 1907 post
988 1823 1150 1888 lavacrum

534 1908 1151 1991 statimtemptatiooesoireumsteterunt

534 1993 739 2080 quadmpioda
750 1996 859 2062 diebus
869 1997 998 2062 ieiuniis
1006 1996 1149 2077 fuooimo

533 2128 578 2146 ...
591 2079 747 2147 Dominus
755 2087 831 2165 post
838 2102 955 2166 aquam
962 2085 1149 2165 segregatus

532 2167 569 2230 io
602 2166 742 2234 ¹deeorto
782 2169 995 2253 quadropioto
1028 2167 1150 2232 dimon

532 2252 655 2317 ιἰἱιιιιια
675 2274 817 2319 moenam
831 2253 973 2319 ostendit
993 2272 1149 2335 ooopooe

533 2339 635 2403 vivere
654 2339 808 2405 homiuem
823 2339 884 2418 dei,
907 2340 965 2405 sed
983 2340 1035 2405 dei
1047 2338 1147 2418 verbo,

528 2425 827 2509 temptationeeque
873 2424 1067 2509 plenitudini
1115 2432 1149 2490 et

534 2509 798 2577 immoderantiae
835 2511 952 2577 ventris
981 2510 1146 2595 appositas

534 2593 730 2663 abstinentia
750 2596 834 2663 elidi.
876 2596 969 2680 Bapt.
993 2617 1018 2662 c.
1043 2600 1094 2662 20.
1114 2618 1147 2680 p.

602 2769 822 2855 Quodropiota
843 2768 1147 2850 elaboratumque

532 2855 675 2920 noctibus
703 2876 803 2939 supra
823 2854 983 2920 hnmanae
1010 2860 1146 2919 naturae

531 2937 717 3006 facultatem
757 2943 910 3009 ieiunium
945 2942 1146 3023 perennavit,

532 3026 670 3109 spiritali
697 3026 760 3093 fide
804 3028 957 3092 virtutem
993 3025 1147 3091 submini-

532 3117 672 3178 strante:
696 3119 728 3178 et
740 3111 819 3179 vidit
829 3112 929 3179 oeulis
943 3111 996 3178 dei
1011 3111 1146 3195 gloriam

532 3201 565 3262 et
592 3197 716 3265 audivit
738 3198 870 3281 auribus
900 3198 952 3265 dei
979 3219 1088 3265 vocem
1115 3203 1146 3262 et

531 3283 627 3350 eorde
667 3284 804 3351 coniecit
849 3285 902 3352 dei
946 3284 1050 3369 legem
1081 3284 1146 3350 iam

532 3375 607 3435 tune
636 3370 794 3453 docentis,
831 3392 895 3438 ooo
921 3373 958 3437 in
977 3371 1043 3437 eolo
1059 3392 1146 3453 pane

530 3457 804 3538 aaaehooaioaa,
818 3458 875 3524 sed
893 3459 930 3523 io
950 3458 1035 3523 sosoi
1054 3458 1145 3523 verbo

531 3542 591 3609 dei.
634 3543 735 3612 Ieiun.
758 3564 783 3608 c.
809 3548 837 3611 6.
860 3566 890 3629 p.
916 3548 987 3611 399.

574 3633 603 3694 2.
630 3629 757 3697 Esuriit
791 3629 850 3697 sub
887 3628 1031 3710 diabolo,
1065 3629 1147 3694 sitiit

530 3715 591 3781 sub
605 3716 808 3785 Samaritide.
836 3715 929 3783 Corn.
943 3736 969 3779 o.
985 3720 1013 3781 9.
1029 3737 1061 3799 p.
1073 3720 1145 3782 967.

615 3849 649 3870 ..
678 3807 712 3868 et
746 3824 821 3870 earo
859 3802 1026 3885 passiones
1070 3821 1144 3867 suas

529 3885 640 3953 funeta
661 3888 715 3968 eit,
747 3891 888 3955 esuriens
916 3886 976 3953 θιὼ
1006 3886 1144 3966 diabolo,

529 3973 641 4040 sitiens
668 3974 729 4039 sub
752 3973 951 4042 Samaritide.
995 3972 1095 4039 Prax.
1117 3993 1144 4046 o,

529 4063 580 4125 ιι.
601 4082 633 4145 p.
658 4064 729 4126 259.

33 4198 252 4215 *...-ιε.

105 4269 143 4338 1)
163 4264 185 4320 Ι.
206 4268 264 4322 tro.
281 4268 368 4321 deoru
385 4264 468 4337 Gagn
489 4263 581 4321 Gelan.
598 4263 671 4323 Pam
691 4270 777 4322 deero
793 4267 852 4338 Εἰς.
872 4268 959 4326 Ursin.
