3290 5266
568 514 611 528 -
656 482 714 545 191
761 515 803 532 -
1001 478 1074 552 [ἰαῦ.
1092 480 1139 551 xi,
1157 484 1232 539 1-8.

668 652 814 716 38-42.
837 649 948 717 Mater
967 671 1069 736 seque
1091 675 1155 721 non
1178 655 1234 722 de·

623 740 821 802 monstratur
852 735 1040 805 adhaesisse
1060 740 1123 822 illi,
1161 762 1233 807 oum

625 823 656 863 ¹⁶
664 821 816 888 Marthae
850 827 883 888 ot
918 823 1050 892 Mariae
1085 826 1171 893 aliae
1200 828 1234 893 in

623 908 812 974 commercio
862 908 931 974 eius
980 908 1233 996 frequententur.

623 993 716 1061 Corn
737 1014 762 1060 e
786 999 815 1063 7.
836 1016 868 1079 p.
893 999 965 1063 361.

541 1269 620 1357 Gap.
641 1270 694 1337 XL

666 1414 694 1478 1.
716 1408 797 1475 Gom
816 1410 852 1475 in
873 1409 938 1476 loeo
958 1409 1094 1493 quodam
1115 1418 1234 1478 orasset

620 1495 885 1578 adpossem...
908 1515 1079 1580 eggressus
1101 1518 1173 1563 enm
1196 1519 1234 1563 ox

621 1580 788 1665 discipulis
814 1581 960 1664 paidom:

180 1669 208 1734 l.
226 1664 372 1743 Domine,
391 1664 506 1753 inquit,
523 1664 597 1733 doro

139 1771 193 1817 nos
210 1771 313 1833 orare,
332 1753 415 1818 sieut
435 1751 595 1818 ¹et10on·

139 1836 379 1920 monoperae
395 1838 594 1905 moedoouit.

140 1922 234 1989 Mero
245 1923 302 1990 IV.
324 1944 349 1990 o
366 1926 417 1992 26.
431 1945 462 2009 p.
477 1928 596 2008 294sq.

664 2009 694 2073 2.
718 2004 777 2071 Cui
802 2005 909 2073 dicem
947 2003 1151 2075 Potert...
1194 2005 1233 2071 Ei

621 2093 677 2177 qui
712 2112 764 2158 me
799 2092 950 2159 faciundo
982 2097 1015 2159 et
1045 2091 1232 2157 instruendo

620 2177 791 2262 generavit
839 2182 868 2245 Α
898 2199 961 2264 quo
990 2180 1138 2262 spiritum
1156 2199 1232 2244 soo-

620 2271 703 2331 otum
723 2265 908 2347 moulon?
1016 2267 1043 2330 Α
1067 2261 1234 2347 quofinnt
1273 2340 1275 2343 ⁸

620 2349 718 2416 etiem
740 2351 848 2434 angeli
870 2351 1010 2436 spiritus,
1034 2349 1124 2417 ouius
1144 2354 1177 2414 st
1198 2350 1232 2414 in

620 2436 797 2520 primordio
829 2438 962 2522 spiritus
999 2458 1095 2521 super
1130 2456 1232 2519 equos

620 2521 793 2588 ferebatur.
848 2523 928 2590 Eius
953 2544 1085 2609 repoum
1114 2521 1232 2605 optabo

619 2610 725 2675 venire
744 2659 752 2674 .
768 2656 800 2673 ..
830 2609 865 2675 in
893 2609 982 2675 ouius
1010 2629 1108 2674 manu
1136 2607 1233 2673 etiem

619 2692 720 2760 eorde
740 2699 817 2760 sunt
841 2715 964 2780 rogum.
1007 2694 1106 2762 Marc.
1128 2693 1182 2760 lV.
1205 2715 1233 2759 o.

621 2783 672 2845 26.
692 2801 725 2865 p.
748 2783 810 2845 295
822 2803 870 2866 sq.

663 2871 692 2932 3.
715 2865 793 2944 Quis
815 2868 904 2933 dabit
923 2868 1005 2934 mihi
1018 2887 1138 2950 ponem
1157 2885 1231 2948 qoo-

619 2951 801 3018 tidionum?
821 3002 829 3018 .
846 3000 877 3023 ..
899 2953 960 3032 Qui
973 2954 1070 3020 etiam
1085 2952 1125 3017 de
1141 2949 1231 3017 coelo

613 3059 734 3120 ponem
786 3038 973 3123 angelorum
1016 3038 1234 3123 quotiotonoan

619 3123 739 3208 populo
760 3145 819 3190 suo
842 3126 1013 3209 praestitit.
1056 3125 1156 3190 More
1179 3123 1231 3189 lV.

620 3214 869 3294 empm.

664 3300 696 3360 4.
724 3295 803 3374 Quis
831 3296 910 3362 mihi
940 3297 1054 3363 delicto
1075 3294 1233 3362 dimittet?

698 3381 761 3460 Qui
783 3383 811 3448 si
832 3405 895 3449 non
917 3383 1088 3465 dimiserit,
1117 3382 1234 3448 retine·

548 3544 552 3555 .
620 3468 670 3534 bit
703 3473 739 3533 ut
772 3469 903 3535 iudicet.
954 3469 1032 3548 Quis
1061 3490 1125 3535 noo
1153 3471 1235 3535 moot

620 3574 678 3620 nos
708 3554 820 3621 deduco·
839 3558 876 3622 in
904 3556 1160 3639 temptationem?
1175 3606 1183 3621 .
1201 3604 1233 3621 ..

621 3638 682 3717 Qui
703 3661 725 3706 o
743 3641 919 3724 primordio
937 3647 1162 3725 temptatorem
1179 3662 1235 3707 an·

620 3726 726 3809 gelum
756 3727 1009 3812 praedamnavit.
1057 3728 1157 3794 Mnro.
1179 3726 1234 3794 IV.
1299 3770 1303 3777 -

621 3832 649 3877 o.
672 3817 723 3879 26.
744 3834 776 3898 p.
800 3817 872 3879 296.

664 3904 771 3965 5-8.
800 3899 908 3966 Etiam
959 3898 1082 3967 ulsator
1110 3899 1166 3966 ills
1187 3899 1234 3965 vi-

620 3983 845 4137 misma&
872 3921 1039 4053 tuniebat
1087 3987 1233 4055 Praesor.

621 4092 647 4137 o.
711 4095 773 4157 .p.
799 4078 813 4136 1
840 4119 848 4136 .

136 4326 157 4375 u
184 4248 488 4390 „ssffiuggffl
505 4258 525 4303 a
542 4250 617 4304 uasa
636 4251 685 4303 oo
702 4245 1044 4317 oagn.ooen.1>am.-
1083 4250 1111 4313 ι)
1133 4245 1166 4302 11.
1177 4249 1235 4305 mo.

169 4336 185 4376 0
320 4363 326 4376 .
