3290 5266
138 8 323 239 Γ,

538 529 581 543 -
626 498 686 560 165
729 533 771 545 -
940 499 1013 570 [Luc
1031 498 1207 560 mdo-33.

589 668 695 745 aaut,
715 666 774 732 sed
796 671 870 733 ante
892 668 957 734 iam
971 669 1037 735 uim
1053 676 1203 755 expertus

588 758 621 818 et
636 758 751 836 postea
765 752 922 834 dimissus,
946 755 1071 822 scilicet
1086 758 1202 837 soluto,

587 837 635 902 uti
672 838 806 920 essolet,
842 841 982 908 tumultu
1020 842 1070 908 vel
1105 843 1204 909 etiam

586 923 719 1007 irrupto,
740 946 805 990 non
826 929 935 991 tamen
955 948 1014 1011 per
1029 929 1204 1012 caliginem

587 1008 693 1089 eluso,
729 1031 812 1094 quae
839 1011 921 1077 nulli
949 1014 1076 1080 omnino
1098 1020 1196 1081 tactu.

585 1095 787 1176 succidisset,
809 1096 837 1162 si
857 1095 980 1164 fuisset.
1026 1100 1127 1167 Marc.
1144 1101 1187 1166 IV

586 1202 612 1247 a.
634 1185 664 1247 8.
686 1203 718 1267 p.
741 1187 803 1249 203
816 1203 863 1266 sq.
984 1252 989 1259 ,

629 1272 679 1334 30.
707 1266 839 1350 Refugit
866 1269 988 1354 etipse
1009 1269 1072 1335 vim
1092 1270 1193 1336 inter-

587 1354 672 1504 duzn.
703 1353 771 1441 [Mt.
798 1358 846 1436 12,
872 1356 935 1442 15.]
964 1355 1042 1440 Fug.
1066 1376 1091 1422 c.
1114 1360 1143 1423 8.
1167 1378 1197 1441 p.

629 1527 869 1595 31-33.Aaao
880 1527 1201 1610 quintodecimopria-

591 1783 831 1867 Captarnaum,
875 1785 989 1934 utigue
1032 1783 1073 1849 de
1109 1785 1200 1850 caelo

587 1870 761 1952 creatoris,
797 1871 831 1936 in
859 1891 922 1953 qno
973 1869 1013 1935 de
1041 1891 1100 1936 suo
1123 1875 1200 1936 ante

586 1954 806 2025 descenderat.
852 1955 1015 2040 ¹⁰Ecquid
1041 1976 1119 2040 ergo
1147 1977 1200 2022 or-

550 2110 554 2113 *
586 2041 670 2107 dinis
685 2040 800 2125 tuerat,
822 2047 861 2108 ut
874 2042 963 2127 prius
979 2041 1019 2108 de
1034 2063 1092 2109 suc
1108 2042 1199 2108 caelo

585 2128 619 2194 in
642 2128 796 2194 creatoris
817 2127 1013 2201 descendeus
1037 2128 1198 2195 describe·

585 2215 696 2280 retur?
821 2213 905 2294 Quid
925 2218 1033 2279 autern
1053 2214 1102 2280 illi
1125 2236 1198 2280 cum

591 2300 756 2382 Galdaea,
792 2300 910 2366 sinon
938 2304 1008 2365 erat
1033 2301 1197 2380 creatoris,

585 2385 634 2452 eui
656 2385 722 2451 ista
742 2386 831 2486 regio
846 2384 1069 2452 destinabatur
1077 2386 1198 2471 ingres-

584 2492 661 2538 suro
683 2471 978 2555 praedicationem?
994 2517 1023 2540 ..
1044 2471 1094 2538 De
1109 2472 1198 2538 caelo

584 2557 693 2625 statim
726 2557 767 2623 ad
796 2557 1010 2643 cyaaqoqam?
1061 2557 1105 2623 Ut
1133 2558 1196 2623 dici

583 2644 716 2711 solet...
732 2643 816 2710 Ecce
827 2645 957 2710 venitin
970 2663 1195 2729 mayoqam..

583 2730 626 2795 Et
647 2735 757 2795 tamen
779 2727 940 2814 quomodo
954 2731 989 2795 in
1002 2748 1196 2815 synaqoyam

582 2814 687 2901 potuit
733 2815 860 2881 admitti
898 2818 966 2885 tam
999 2816 1195 2900 repentinus,

583 2907 650 2968 tam
678 2902 899 2985 ignotus....
929 2899 972 2966 ad
1002 2900 1196 2968 docendum?

663 2987 838 3072 Eloquium
863 2985 1004 3052 divinum
1026 2989 1142 3054 etaim
1163 2991 1198 3053 et

583 3073 721 3158 gratiam
762 3073 966 3156 praestabat,
1003 3072 1106 3156 magis
1143 3093 1197 3138 cx-

584 3164 711 3227 struens
739 3179 836 3243 quam
858 3159 1026 3225 destruens
1048 3159 1196 3226 substan-

584 3245 663 3311 tiam
684 3244 764 3330 legis
787 3249 820 3311 et
841 3243 1081 3329 prophetarum
1111 3244 1198 3310 Alio-

586 3331 663 3417 quin
678 3337 920 3414 nonstupereat,
943 3330 999 3398 sed
1009 3330 1195 3413 horrerent3

471 3456 487 3484 ι
584 3439 643 3484 nee
663 3421 873 3498 mirarentur,
896 3415 954 3482 ssd
974 3418 1084 3483 statim
1106 3436 1196 3483 aver·

585 3508 735 3573 sarentur
777 3501 1012 3569 destructorem
1047 3500 1146 3601 legis·
1164 3508 1197 3602 et

584 3588 838 3760 ξῇἒρξοθξιᾞζιῗα
852 3587 1197 3759 ‘signiticundtat‚orgiisimsltrl-l

585 3761 651 3826 lam
681 3763 745 3827 vim
775 3767 809 3826 et
830 3766 1017 3846 potestaten
1044 3761 1197 3827 camonia

586 3846 790 3914 adrniratiem'
816 3846 915 3913 fuisse
930 3897 936 3913 .
951 3893 985 3913 ..
1016 3847 1116 3913 Marc.
1142 3845 1196 3912 IV.

586 3953 613 3999 ο.
635 3938 666 4000 7.
687 3954 718 4016 p.
742 3936 919 3999 rer-200.

670 4019 766 4087 Anac
799 4017 878 4087 XV.
904 4018 1025 4087 ruem·
1051 4015 1196 4084 Christus

144 4137 298 4151 ¹*-

160 4221 190 4290 s)
211 4221 248 4278 m
269 4223 333 4280 ras.
350 4225 428 4276 rums
442 4221 570 4281 marene
587 4254 621 4265 —
655 4226 682 4291 a)
700 4229 767 4280 aas
783 4222 876 4285 cusu.
892 4223 966 4282 Pam.
984 4253 1017 4267 -
1054 4223 1100 4293 ¹⁰)
1119 4226 1199 4293 uruit

145 4329 152 4346 .
169 4291 332 4361 cums.)
349 4290 437 4348 mun
455 4302 475 4347 a
493 4297 549 4364 ,sss
564 4293 641 4364 ποιᾶς.
