2824 5260
265 497 373 567 scon]
690 531 735 544 -
778 497 839 559 678
882 532 927 544 -

347 671 378 733 Β.
405 673 583 731 tro-sto
621 668 911 746 nusammcngesteilt
946 668 1008 731 nnd
1039 671 1284 748 nacirgcaies'en.
1320 672 1345 731 ir

348 757 429 816 diese
449 755 613 831 Kategorie
640 755 750 832 gehtrt
777 753 854 815 anch
875 755 922 814 cin
945 754 1013 816 dont
1034 774 1097 816 nur
1119 755 1347 834 vorubcrgntd

349 843 389 915 (S.
412 844 492 915 468)
514 840 680 901 erwthntcs
701 839 763 900 und
783 841 1001 917 vorzngswcise
1022 842 1263 921 interemtos,
1293 842 1348 902 nte

348 928 402 987 nas
430 927 480 987 ich
509 926 576 986 hier
604 926 702 1004 einige
723 926 828 986 Worte
855 926 1032 1004 bemnfflgcn
1052 927 1115 987 mir
1136 927 1274 988 crianbc.
1310 928 1348 987 ln

348 1013 443 1073 meino
472 1015 725 1087 proditiosos.
769 1010 914 1071 Dasseibe
934 1012 974 1075 ist
994 1013 1052 1073 mir
1072 1013 1123 1074 bis
1140 1013 1225 1090 Jetxt
1243 1032 1297 1073 nnr
1314 1012 1350 1071 hi

347 1099 443 1158 einem
464 1099 598 1174 einnigen
618 1097 753 1159 Antoren
773 1097 1011 1177 vorgekommen,
1034 1098 1087 1159 bei
1109 1097 1182 1159 (iem
1202 1117 1351 1176 anonym

347 1185 428 1244 alten
455 1183 652 1244 Uebcrsetocr
687 1182 739 1244 des
767 1182 966 1243 Oommentars
994 1183 1048 1244 dos
1076 1182 1279 1262 Origenes
1299 1203 1351 1245 m

347 1269 507 1348 Machina,
530 1267 592 1329 und
611 1287 691 1329 nwar
712 1271 742 1330 in
764 1267 923 1346 folgenden
944 1268 1066 1330 Stellen.
1080 1268 1109 1345 ¹)
1157 1274 1187 1345 ς.
1207 1274 1246 1331 12
1267 1271 1349 1347 (iim

346 1356 398 1416 IV.
419 1373 450 1432 p.
475 1359 535 1416 203
551 1360 626 1431 sq.):
664 1354 704 1415 Et
732 1354 757 1414 si
786 1355 932 1414 ministrat
952 1356 1020 1432 qnis
1041 1354 1139 1415 vcrba
1161 1355 1282 1434 (lirina,
1312 1374 1349 1416 ro

346 1459 497 1519 quaquam
526 1458 559 1501 se
588 1440 713 1518 praebet
740 1443 776 1499 nt
802 1441 943 1518 magister
970 1444 1115 1520 vocetur,
1153 1442 1245 1519 qnam*
1270 1443 1349 1502 stiffi

346 1528 418 1604 quia
440 1526 575 1587 Christus
602 1526 633 1586 in
662 1544 698 1587 eo
720 1528 782 1603 est,
819 1524 937 1603 qnando
957 1525 1034 1587 beno
1055 1526 1241 1606 profecerit,
1278 1546 1348 1603 pam

346 1616 464 1690 oportet
490 1612 598 1672 vocari
611 1613 783 1690 magistrum
804 1632 824 1671 a
842 1611 955 1671 cunctis
975 1616 1177 1692 prodificum,
1213 1631 1248 1674 sc
1267 1618 1346 1672 utu

346 1698 503 1776 profitetur
523 1698 688 1758 ministrnm
709 1696 871 1758 secundnm
891 1696 1060 1758 mandatnm
1072 1696 1190 1761 Christi
1209 1699 1345 1777 11:1222,

348 1788 474 1858 161-
518 1786 547 1858 ὅ.
570 1786 610 1843 ³2
634 1783 699 1860 (lv.
722 1783 814 1859 itti:
849 1783 1023 1843 Necessarie
1051 1801 1144 1864 ergo,
1179 1782 1346 1862 qnihairrt

345 1869 482 1930 fiduciam
511 1868 671 1930 accedendi
696 1873 811 1929 secrete
839 1867 878 1928 asi
908 1868 1074 1949 Christum,
1112 1871 1222 1931 volunt
1250 1870 1345 1931 deon

345 1957 463 2033 signnm
497 1954 642 2017 adventus
671 1954 782 2015 Christi
814 1958 845 2016 et
875 1956 1135 2016 consummationis
1163 1957 1290 2036 mesni,
1318 1960 1343 2014 rt

343 2045 510 2118 prooificots'
531 2059 569 2101 en
587 2059 623 2102 eo
644 2039 726 2116 qnod
747 2038 914 2102 didicerunt
934 2039 1094 2102 adventum
1105 2041 1221 2103 Christi
1242 2048 1274 2103 et
1290 2060 1342 2101 css

344 2128 568 2187 summationem
595 2127 722 2204 saeculi,
755 2126 918 2203 praebcant
944 2144 976 2187 so
1004 2125 1116 2205 dignos
1133 2128 1241 2190 vidcrc
1258 2145 1341 2188 scm

346 2211 416 2272 dnm
445 2212 605 2273 adventum
627 2212 729 2290 ipsius.
752 2242 791 2256 -—
837 2215 866 2287 ᾖ.
889 2215 929 2272 42
952 2211 1014 2287 (IV.
1037 2215 1100 2274 282
1115 2211 1200 2295 sq.):
1233 2215 1341 2274 rim
1402 2286 1403 2291 γ

347 2303 446 2358 antem
474 2297 608 2359 destruet
636 2316 702 2359 eum
723 2297 876 2377 Christus,
911 2298 964 2374 qni
990 2299 1126 2376 loqnitnr
1146 2299 1181 2360 in
1202 2318 1238 2361 oo
1258 2317 1342 2359 seru
1402 2294 1403 2303 ’

344 2385 453 2444 lumen.
497 2384 559 2445 Iste
579 2388 677 2445 antem
687 2383 833 2463 Christus,
853 2384 879 2443 si
900 2383 931 2444 in
952 2384 1053 2461 aliquo
1075 2385 1221 2463 loquatm
1240 2386 1341 2445 vomo

345 2468 449 2530 audire
476 2475 507 2531 et
532 2473 716 2549 prodtfieon',
751 2488 811 2530 non
838 2468 1019 2549 infirmatur,
1053 2469 1108 2531 aed
1136 2488 1225 2532 omno
1253 2470 1341 2531 oin

345 2555 469 2617 verbnm
493 2602 501 2616 .
524 2601 561 2620 ..
592 2554 749 2616 interficiet
779 2555 887 2633 spirito
915 2555 974 2616 oris
999 2556 1057 2617 sni.
1088 2588 1130 2598 -
1174 2561 1202 2632 §-
1224 2560 1264 2617 oo
1289 2554 1342 2632 (w.

347 2646 438 2713 365):
474 2643 565 2703 Tales
594 2645 663 2702 snnt
689 2646 788 2702 antem
809 2642 862 2719 qni
882 2658 980 2719 neque
1000 2645 1122 2703 movent
1143 2659 1242 2719 neqnc
1262 2641 1342 2702 omen

344 2728 423 2786 tinnt
443 2746 522 2803 qnae
543 2727 682 2788 dicuntur
702 2744 801 2804 noque
823 2745 856 2788 sc
869 2729 950 2804 ipsos
963 2726 1001 2786 ad
1015 2731 1233 2804 prodificum
1246 2729 1343 2788 uinus

343 2811 475 2891 tradunt,
496 2812 550 2874 scd
571 2813 665 2875 latere
685 2813 792 2873 volunt
813 2831 890 2889 qnae
910 2817 1091 2891 aeceperunt
1111 2817 1144 2874 et
1156 2813 1264 2875 crediti
1278 2822 1343 2874 sant

342 2897 374 2959 Si
404 2898 523 2974 qnando
548 2917 621 2977 ergo
642 2897 753 2959 videris
775 2899 906 2975 aliquem
927 2900 980 2975 qni
1000 2900 1143 2960 virtutem
1164 2899 1284 2977 quidm
1301 2898 1344 2958 ni

343 3002 433 3060 qnam
454 2985 613 3061 acquisivit
633 2988 664 3044 et
684 2984 775 3045 habet
795 2984 911 3045 dicendi
926 2990 957 3044 ct
967 2985 1080 3046 animas
1094 2989 1345 3063 qnantnmmne

340 3072 575 3150 prodificum,
597 3074 628 3130 et
649 3070 726 3130 hanc
748 3070 889 3131 virtutem
910 3071 1101 3131 occultat..
1125 3117 1134 3130 .
1158 3102 1200 3117 -·
1242 3075 1271 3147 5.
1295 3073 1343 3133 111

344 3155 391 3227 (V.
416 3160 484 3227 42):
520 3173 576 3216 nec
597 3156 704 3217 iterum
725 3160 824 3216 autom
846 3157 889 3217 sic
906 3160 1103 3232 pontificandi
1119 3156 1273 3219 inoramns
1291 3174 1343 3217 crs

342 3258 406 3300 cem
428 3241 491 3301 eius
513 3242 708 3320 accipientes,
730 3245 874 3319 quantum
895 3240 982 3302 modo
1000 3246 1212 3319 prodificum
1232 3261 1252 3303 a
1270 3259 1346 3305 croto

343 3325 422 3403 eins,
443 3344 509 3386 cnm
530 3331 561 3387 et
582 3327 646 3404 ipse
666 3325 724 3388 sihi
745 3328 874 3404 accipiat
894 3345 959 3388 eam
979 3331 1011 3388 ct
1032 3331 1231 3406 portet..-
1251 3333 1281 3404 §-
1298 3332 1344 3390 co

343 3409 392 3477 (V.
417 3413 487 3482 62):
510 3413 669 3490 Tanquam
689 3413 714 3473 si
736 3411 889 3474 audissent
911 3414 1051 3490 qnoniam
1072 3413 1161 3475 deum
1181 3420 1273 3476 vocat
1292 3416 1344 3489 [11

342 3498 394 3573 27,
417 3499 490 3577 46],
527 3498 630 3575 ntique
661 3499 760 3559 mirati
788 3498 914 3560 inissent
941 3500 1106 3560 orationem
1133 3501 1198 3562 eins
1219 3502 1250 3562 in
1270 3517 1346 3561 cm

341 3582 498 3661 maiorem,
520 3600 609 3660 qnam
630 3583 688 3645 init
708 3585 805 3645 oratio
826 3586 918 3646 Ionae
937 3586 1052 3647 orantia
1073 3586 1105 3647 in
1126 3590 1215 3648 utero
1236 3588 1346 3664 coms

337 3671 506 3744 prooipcac'
525 3669 660 3749 inissent,
683 3674 716 3731 ut
738 3671 825 3731 etiam
846 3671 875 3732 in
897 3672 1038 3734 extremis
1057 3673 1277 3734 calamitatibus
1290 3691 1344 3733 oon

341 3754 436 3814 stitnti
472 3772 560 3815 orare
589 3772 649 3816 non
680 3755 817 3817 desinant
853 3756 950 3818 deum.
980 3790 1025 3801 -—
1075 3760 1105 3832 ξ.
1132 3761 1193 3821 139
1216 3758 1265 3832 (V.
1286 3760 1344 3833 m:

340 3842 453 3915 quanto
481 3841 576 3919 magis
601 3845 822 3918 prodificotitcr
850 3844 977 3920 amplius
1007 3843 1044 3903 iis
1072 3837 1120 3928 [=
1141 3863 1235 3922 qnam
1254 3838 1285 3930 ii]
1303 3842 1344 3919 qni

337 3927 534 4002 corporaliter
568 3926 708 4006 prodigia
734 3929 793 3989 ista
820 3928 970 3990 viderunt
998 3963 1041 3974 —
1093 3929 1150 3991 Boi
1180 3930 1235 3992 dot
1261 3930 1344 4006 image

256 4066 460 4079 --——-.-..-..

320 4140 346 4201 1)
365 4143 468 4209 Oripeats
491 4161 548 4211 opp.
566 4156 660 4197 recens.
677 4148 840 4202 maminot
875 4148 953 4200 Beroi.
972 4146 1134 4201 1834-17.
1172 4151 1254 4203 Serico
1272 4160 1341 4201 nm

251 4206 452 4329 i¹ntcrgr⁴ststionis
475 4214 706 4267 Commentariorum
730 4216 928 4272 inttsuhsenm:
957 4218 1025 4270 Tom.
1044 4218 1084 4289 ii.
1101 4233 1128 4283 p.
1148 4217 1200 4271 173
1212 4218 1341 4272 -458-1·
