2744 5260
437 558 479 574 ..
523 526 585 588 453
626 559 671 571 -
878 519 1005 590 qonrv,
1028 522 1103 575 1-4,

493 692 527 756 in
557 692 742 775 baptisante
761 693 931 760 induerint.
973 691 1102 759 Resurr.

493 798 519 843 c.
547 783 594 843 19.
637 782 743 845 ,tea

536 867 588 929 28.
615 799 663 928 let
696 869 775 929 tunc
811 864 889 930 liter
924 862 1102 929 ¹⁶h0minis

494 970 581 1029 eres,
617 948 803 1033 redemptus
839 971 859 1016 a
891 948 1034 1029 Christo,
1070 954 1104 1015 et

491 1056 577 1101 nunc
599 1055 708 1101 aeuus
730 1055 764 1101 es
785 1034 918 1116 Christi,
938 1034 1015 1100 licet
1035 1056 1102 1100 ma-

490 1120 650 1186 numissus
675 1119 754 1187 ¹⁰ab
776 1121 914 1187 homine.
943 1119 1101 1190 Corone.

493 1212 542 1273 13.
564 1227 595 1291 p.
617 1210 691 1273 359.

429 1514 506 1599 Cap.
528 1515 581 1581 IV.

53 1656 81 1717 1.
102 1657 131 1717 3.
177 1651 305 1733 Adhuc,
351 1652 384 1718 in
407 1653 464 1733 uit,
537 1656 564 1716 1.
587 1656 618 1719 3.
649 1650 771 1736 Atquin
799 1672 864 1718 non
892 1657 942 1718 est
961 1651 1023 1718 hoc
1043 1653 1101 1718 lia

10 1737 181 1804 scamium
207 1738 360 1805 homiaem
386 1673 465 1805 ilco.
490 1741 631 1805 onnus
653 1739 784 1818 dictum3
808 1757 872 1803 non
893 1738 978 1804 enim
996 1758 1101 1804 exem-

10 1822 97 1889 Dum
149 1844 287 1891 &sunus
323 1825 465 1911 paruuli,
491 1824 579 1908 plum
602 1829 659 1905 est,
682 1822 738 1890 sed
761 1823 887 1890 veritas.
925 1822 1002 1901 Quis
1016 1824 1105 1890 onim

10 1908 64 1973 cut
86 1908 246 1976 sternentis
266 1911 378 1977 manui
396 1932 465 1977 ero-
483 1910 651 1993 pmuuluo,
673 1910 785 1994 utiquc
800 1930 903 1989 sensu,
923 1909 1010 1994 quod
1024 1915 1100 1975 sunt

10 2014 78 2059 meu
100 1994 202 2077 positi
229 1996 273 2061 ad
294 1996 465 2064 duom
490 1995 652 2077 nationes,
682 2016 746 2061 non
768 1993 925 2062 elucentis
945 1995 1101 2063 anisam

10 2079 83 2145 dum
104 2081 159 2146 cis.
178 2079 279 2150 Marc.
289 2081 326 2150 V.
349 2103 375 2147 o.
388 2087 407 2147 4
421 2083 463 2148 in.
491 2086 541 2148 est
561 2082 680 2162 mundi,
702 2101 787 2166 quae
805 2102 865 2165 pro
888 2080 949 2148 deo
973 2082 1100 2168 ¹suspi-

491 2167 558 2233 cit?
599 2166 699 2233 Marc.
720 2167 757 2232 V.
780 2187 808 2232 c.
828 2172 859 2233 4.
881 2189 911 2252 p.
934 2171 1057 2252 381sq.

50 2256 81 2317 4.
116 2249 197 2317 Cam
230 2257 335 2317 autea
367 2254 466 2318 euenit
533 2258 565 2320 4.
591 2251 745 2336 Numquid
764 2274 826 2336 per
852 2253 1014 2321 malimm
1043 2258 1101 2321 aut

10 2336 133 2419 impleti
146 2338 465 2421 conpescendam
490 2341 526 2406 iu
547 2337 754 2404 ’maturati
796 2338 867 2404 Hoc
892 2339 1020 2422 quidem
1042 2339 1101 2405 im·

10 2422 112 2513 (ilium
133 2443 236 2489 cunm.
264 2422 364 2491 Marc.
385 2422 423 2490 V.
438 2443 464 2491 c.
491 2422 648 2508 pressius,
700 2423 786 2507 quod
822 2425 945 2522 swina
990 2424 1099 2507 'dicit

10 2512 37 2573 4.
59 2530 92 2593 p.
115 2513 188 2574 382.
492 2530 589 2595 quam
631 2515 760 2576 amma:
804 2509 980 2593 simplicius
1016 2513 1100 2577 enim

94 2644 125 2660 ..
146 2592 273 2660 dicente
302 2594 465 2677 apostolo:
493 2594 695 2662 enuntiasset
722 2601 839 2662 autam.
889 2595 1024 2663 Factum
1044 2618 1101 2662 au·

11 2679 52 2745 At
79 2681 137 2746 uti
164 2686 284 2763 ternpus
313 2680 467 2764 captatam
491 2687 556 2746 tem
578 2680 712 2747 dicendo
733 2686 766 2745 et
785 2680 933 2761 ‚Verbum
955 2703 1030 2747 caro
1052 2681 1101 2748 ia-

11 2772 67 2847 est,
111 2768 199 2832 misit
246 2766 323 2832 deus
363 2765 467 2849 pilium
493 2772 579 2832 ctum
613 2772 671 2833 est‘
708 2766 907 2851 consignavit
935 2772 968 2833 et
995 2769 1100 2833 carnis

11 2871 109 2918 mum.
154 2851 254 2917 Marc.
277 2852 316 2920 V.
338 2873 364 2916 c.
384 2857 412 2917 8.
434 2874 466 2937 p.
492 2852 659 2919 veritatem
681 2874 720 2919 ex
740 2852 860 2937 virgine
880 2851 1023 2919 ⁴factam
1043 2852 1101 2920 ad·

11 2942 81 3003 406.
493 2939 658 3005 serenavit
703 2938 796 3007 Caro.
819 2959 845 3007 c.
861 2941 910 3004 20.
924 2960 957 3024 p.
973 2943 1034 3005 387
1049 2960 1098 3023 sq.

91 3021 215 3088 Paulus
250 3021 467 3105 grammaticis
576 3025 637 3090 Hic
680 3029 765 3090 certe
801 3024 881 3089 nihil
916 3023 1101 3108 prophetice

11 3108 78 3173 istis
123 3106 287 3173 silentium
322 3107 466 3191 imponit.
493 3109 612 3176 dictum
634 3110 735 3176 videri
756 3114 876 3194 potest,
903 3114 940 3175 ut
960 3108 1102 3177 futuram

11 3194 115 3273 Misit,
139 3193 254 3276 inquit,
270 3192 348 3259 decu
364 3195 468 3276 filium
491 3197 653 3263 mulierem
680 3197 701 3262 i.
724 3217 752 3264 e.
780 3200 914 3280 nuptam
935 3196 1102 3280 apostolus
1127 3274 1131 3285 ι

11 3300 115 3359 mam,
131 3281 252 3363 samum
274 3300 313 3345 eu
329 3276 468 3347 muliere.
492 3281 666 3348 nominarit
706 3280 857 3348 dicendo:
895 3281 1030 3348 Factam
1064 3304 1102 3349 cc

12 3364 103 3431 Cam.
127 3385 153 3430 o.
178 3368 228 3429 20.
251 3387 283 3448 p.
306 3370 397 3433 387:
492 3368 631 3434 muliere.
680 3368 752 3432 Non
779 3367 863 3432 enim
892 3372 1023 3452 poterat
1044 3389 1101 3453 po·

94 3450 288 3518 Scribens..
311 3451 354 3517 ad
369 3450 466 3518 Gala·
493 3453 660 3520 steriorem
681 3453 842 3521 mulierem
862 3452 1038 3535 nominare,
1062 3453 1102 3520 de

11 3542 76 3603 tus:
112 3536 224 3617 Misit,
247 3536 369 3621 inqui-t,
391 3536 468 3603 deas
495 3560 559 3623 qua
587 3538 730 3605 Christus
751 3539 840 3604 nasci
864 3560 929 3605 non
950 3538 1100 3618 habebat,

12 3623 111 3703 tilium
140 3643 248 3704 eumn,
282 3625 402 3706 foetum
431 3645 469 3690 eu
494 3626 514 3691 i.
525 3647 550 3692 e.
572 3624 675 3690 virum
697 3646 843 3709 passam3
865 3624 923 3691 sed
942 3624 1001 3691 illa
1019 3646 1103 3724 quae

12 3709 147 3777 mutere.
169 3708 256 3794 Virg.
279 3730 307 3775 c
322 3713 350 3775 6.
372 3732 403 3794 p.
419 3715 467 3776 13.
495 3717 565 3777 crat
593 3732 761 3795 praesens,
798 3732 881 3794 quae
909 3716 981 3777 erut
1004 3732 1103 3803 uirgo,

496 3803 530 3865 et
555 3797 669 3864 mulier
696 3798 872 3866 vocabatur
893 3799 991 3881 ‘post
1011 3819 1104 3863 roca.

12 3934 211 3944 —-—.-.——-

79 3981 245 4045 15)1.451.
269 3986 367 4036 tocius
389 3982 474 4053 Agob.
489 3982 549 4053 lug.
567 3988 654 4037 lomim
670 3984 749 4053 reliq.
774 4012 803 4025 ·-
842 3984 888 4049 lt)
911 3988 943 4038 eo
967 3989 995 4037 at
1019 3985 1042 4038 Δ
1063 3986 1106 4041 ob.

12 4048 115 4114 (Hillo.
138 4080 171 4091 -
214 4053 243 4121 l)
265 4051 299 4105 11.
319 4055 378 4106 282.
403 4055 499 4121 suscipit
524 4053 644 4109 Natio.
668 4084 703 4094 -
738 4055 769 4123 2)
796 4053 831 4110 Π.
849 4054 907 4109 457.
930 4057 1024 4107 mutae
1072 4055 1104 4123 ¹3.

12 4132 44 4172 ex
67 4119 170 4175 emend.
186 4119 217 4174 F.
235 4120 336 4177 Ursini.
355 4125 471 4176 mulium
487 4121 571 4177 Rhen.
581 4122 602 4177 1.
620 4122 704 4192 Gagn.
722 4122 814 4178 Galen
831 4123 906 4179 Pam.
923 4152 957 4162 -
982 4126 1011 4182 31
1030 4128 1106 4192 potius

14 4191 66 4241 licii
167 4188 290 4246 .Gelcn.
307 4190 381 4246 Pam.
398 4190 456 4262 lug.
474 4191 508 4246 de
527 4190 603 4248 codd.
620 4190 741 4262 Gagneii
760 4196 816 4245 dicu
833 4192 909 4261 reliq.
932 4221 956 4231 ψ
986 4196 1011 4259 4)
1031 4197 1106 4258 faune

15 4256 70 4379 ffid.
87 4256 200 4384 a&
214 4257 357 4328 Rignltius.
376 4265 462 4324 samm
478 4260 562 4331 ngn.
580 4260 673 4316 Galen
683 4261 757 4318 Pam
775 4260 833 4331 ng.
855 4291 880 4299 ·-
903 4262 933 4330 t)
950 4260 970 4317 1.
990 4263 1049 4320 892.
1066 4281 1108 4330 per

47 4343 71 4395 g.
186 4341 227 4382 us.
