2874 5262
295 433 391 492 Mitem
408 437 456 505 111,
474 441 576 511 3-16]
738 483 778 498 ..
824 447 866 512 60
910 484 949 500 ..,

865 619 902 685 lm
934 618 1039 686 Esaia
1066 618 1131 685 iem
1155 623 1232 685 tunc
1251 617 1382 685 Christus

782 756 788 770 .
806 755 813 769 .
829 705 982 772 Ioannem
1000 705 1205 791 praedicarat
1214 726 1316 771 vocem
1329 705 1382 770 olo

781 795 900 858 mantis
920 795 956 859 in
970 793 1099 873 deserto,
1109 813 1231 874 parare
1244 793 1329 857 viam
1340 790 1383 855 do·

518 920 521 929 ·
782 880 870 944 mimi.
913 877 1014 946 Maro.
1041 877 1096 944 IV.
1125 897 1153 946 o.
1176 882 1226 944 33.
1248 898 1282 960 p.
1304 881 1367 942 394.

341 958 369 1018 3.
395 952 461 1021 Vox
481 956 612 1022 Ioannis
641 957 759 1023 oleme-

295 1039 389 1104 vitio
403 1063 521 1108 erorto:
547 1040 668 1109 Parate
688 1046 758 1109 vias

296 1125 429 1209 mini,
459 1175 839 1203 ················
866 1139 902 1201 ut
934 1133 1047 1200 fierent
1078 1133 1138 1198 rivi
1168 1139 1200 1199 et
1232 1132 1328 1198 eolles
1360 1139 1386 1196 et

783 1224 906 1286 montes
948 1218 1064 1304 repleti
1099 1226 1132 1286 et
1164 1218 1333 1295 humiliati,
1360 1220 1385 1282 et

783 1312 929 1372 tortuosa
951 1310 985 1371 et
999 1326 1115 1391 aspera
1128 1307 1162 1371 im
1175 1305 1386 1371 rectitudinem

783 1400 815 1458 et
836 1393 870 1457 im
892 1412 1038 1490 campos,
1066 1392 1186 1470 idest,
1215 1391 1297 1474 legis
1321 1388 1386 1455 diffi-

783 1480 920 1545 cultates
961 1498 995 1542 1n
1030 1478 1187 1562 evangelii
1220 1476 1385 1543 facilitates

782 1564 881 1630 Mero.
903 1565 940 1630 V.
964 1584 991 1628 o.
1015 1567 1045 1628 3.
1068 1585 1098 1647 p.
1122 1568 1194 1629 379.

825 1656 855 1716 4.
873 1649 1002 1734 Virgam
1032 1650 1174 1733 portavit
1195 1648 1336 1734 Moyses,
1360 1645 1386 1710 li·

782 1735 891 1802 bulam
913 1741 946 1801 et
975 1735 1099 1815 Aaron,
1122 1737 1260 1820 oiopitw
1275 1735 1339 1801 loro
1363 1736 1388 1797 et

784 1823 937 1903 Ioannem,
985 1841 1100 1903 agmen
1138 1822 1206 1904 egit
1244 1825 1279 1886 et
1314 1820 1387 1885 leem

781 1908 878 1987 Neve,
900 1906 1034 1972 bellavit
1055 1913 1087 1971 et
1107 1906 1262 1992 populun,
1285 1904 1389 1989 sipla·

783 2000 835 2060 oet
854 1992 977 2061 ludere.
1010 1991 1090 2058 Idol
1114 2013 1140 2058 o.
1165 1997 1212 2058 19.
1228 2014 1261 2077 p.
1277 1998 1337 2057 176
1351 2011 1389 2072 sq.

825 2078 1012 2179 63ldeoque
1036 2078 1127 2145 mulla
1155 2077 1318 2178 distinctio
1342 2081 1390 2153 est,

781 2162 1391 2330 tltttttttulttlt

783 2337 956 2422 quiequam
990 2335 1090 2402 refert
1117 2337 1201 2401 inter
1233 2356 1290 2401 eoo
1323 2352 1391 2418 quot

781 2425 918 2490 Ioannes
940 2423 976 2488 in
992 2422 1132 2489 Iordane
1145 2427 1179 2488 et
1194 2442 1275 2504 quos
1289 2422 1391 2486 Petrus

781 2510 815 2576 in
836 2508 943 2575 Tiberi
965 2511 1068 2575 tinxit.
1089 2508 1184 2593 Bapt
1200 2529 1226 2573 o.
1242 2513 1272 2572 4.
1289 2529 1321 2591 p.
1332 2508 1391 2570 188.

825 2595 1031 2678 Ingressuros
1044 2594 1242 2679 baptismum
1250 2589 1392 2659 orationi·

780 2680 843 2747 bus
866 2680 999 2761 crebris,
1036 2679 1163 2746 ieiuniis
1187 2683 1220 2746 et
1240 2676 1392 2763 geniculo·

781 2765 922 2833 tionibus
938 2771 971 2833 et
987 2765 1162 2849 pervigiliis
1173 2785 1267 2830 oraro
1275 2765 1393 2849 oportet

782 2860 816 2919 et
837 2874 909 2918 eum
927 2850 1126 2917 consessione
1146 2852 1288 2917 ommium
1315 2853 1392 2915 retro

784 2938 982 3018 delictorum,
1005 2943 1041 3003 nt
1055 2942 1220 3021 exponant
1233 2935 1392 3002 etiamba·

785 3024 937 3109 ptiemmm
958 3022 1104 3090 Ioannis:

343 3121 372 3182 6.
408 3116 657 3199 Τὶπφιοὸαπέαν,
712 3115 759 3179 in·

301 3201 387 3285 quit,
431 3203 608 3284 confitentes
645 3201 760 3268 delicto

299 3308 367 3353 mro.
400 3288 494 3370 Bapt.
518 3309 544 3354 o.
567 3292 618 3352 20.
639 3308 670 3371 p.
687 3291 759 3352 207.

830 3371 859 3431 6.
878 3370 926 3431 16.
947 3363 982 3430 Si
1004 3383 1069 3429 non
1091 3363 1191 3429 etiem
1210 3362 1319 3446 ipsum
1340 3359 1392 3446 (Ie

787 3455 872 3538 sum)
895 3452 980 3516 inter
999 3454 1145 3515 caeteros
1166 3447 1320 3514 tinxisset
1340 3445 1392 3530 (lo

787 3539 912 3623 annes).
956 3535 1058 3601 Maro.
1080 3534 1133 3600 IV.
1157 3555 1184 3599 o.
1210 3539 1260 3600 ll.
1284 3556 1317 3619 p.
1330 3536 1393 3598 219.

831 3629 923 3689 7-9.
941 3621 1029 3704 Ergo
1050 3620 1078 3687 ei
1100 3620 1150 3685 ite
1162 3625 1222 3700 est,
1244 3639 1350 3703 neque
1362 3615 1393 3680 rie

788 3710 951 3795 lapidibus
970 3706 1056 3791 filios
1077 3706 1228 3772 Abrahae
1248 3707 1393 3771 mature

781 3798 900 3881 poterit
922 3795 999 3859 deuo
1020 3812 1079 3857 neo
1097 3793 1259 3876 perimine
1280 3793 1393 3873 erpero-

787 3903 860 3949 rom
887 3882 991 3964 faeere
1006 3879 1221 3961 poenitentioe
1233 3878 1392 3960 fructae·

787 3969 830 4034 Et
844 3965 967 4050 lapides
979 3965 1043 4048 filii
1053 3963 1205 4029 Abrabae
1217 3961 1306 4041 fient,
1327 3958 1392 4026 oiim

787 4053 882 4120 fidem
896 4050 1047 4117 Abrahae
1069 4048 1254 4114 formentur.
1292 4048 1334 4114 Et
1349 4066 1392 4141 po

787 4140 911 4207 nimina
936 4137 1116 4219 viperarum
1135 4136 1275 4218 portum
1289 4151 1389 4219 porro
1423 4184 1424 4203 .

789 4226 906 4293 tentiae
914 4225 1041 4307 facient,
1061 4221 1090 4286 si
1113 4241 1237 4286 venene
1257 4214 1392 4301 maligni·
1422 4216 1424 4257 ¹

789 4303 1393 4398 ratmerspuenntlnimo.21.p.rnt
