2744 5260
407 546 450 558 ..
492 512 553 575 399
596 542 641 559 ..
780 507 877 577 [lcor.
893 506 939 573 XI,
959 508 1068 563 16-31.

546 675 636 744 Haeo
656 683 706 745 est
726 678 895 761 institutio,
914 701 979 747 non
998 681 1071 747 dico

461 761 526 828 iam
556 784 640 847 qaae
667 765 793 831 futures
814 766 957 834 haerese
975 788 1071 851 prae·

461 849 644 932 nuntiabat,
680 850 738 917 eed
769 851 810 916 de
838 872 903 936 qua
922 852 1071 919 haereses

461 934 659 1018 prodierunt.
702 935 846 1002 Praessr.
869 959 895 1004 c.
911 943 952 1004 36
968 959 1017 1004 ex.

27 1029 72 1092 19.
93 1022 259 1107 moneas
270 1025 435 1091 enirnhae-
505 1065 539 1087 ·.
560 1041 631 1086 aum
651 1021 772 1105 legem,
806 1031 944 1106 oportere
964 1025 1071 1091 haere-

11 1129 63 1176 ses
81 1129 158 1178 esse.
180 1110 324 1177 Praesar.
347 1115 435 1177 a.30.
461 1125 511 1172 ses
533 1126 607 1189 esse,
631 1127 714 1190 quee
736 1108 805 1174 sine
819 1110 985 1193 seripturis
1001 1130 1073 1175 esse

11 1199 87 1262 ,36
461 1213 527 1258 non
547 1192 729 1277 “possent
771 1195 916 1261 Praeser.
929 1215 955 1261 e.
969 1201 1009 1260 39
1025 1215 1072 1260 ex.

64 1281 222 1347 Haereses
251 1302 317 1348 esse
347 1301 435 1363 oper·
545 1277 701 1344 Veritatis
721 1280 833 1363 regula
853 1282 957 1366 prior,
989 1301 1073 1364 quse

11 1372 89 1447 urar,
110 1374 148 1433 ut
161 1367 344 1451 prohabiles
365 1366 435 1449 qui-
462 1363 560 1429 etism
590 1362 715 1430 futuras
743 1366 887 1432 haereses
913 1387 1074 1452 praenun-

11 1474 41 1519 ue
96 1453 130 1494 ²⁸
150 1455 436 1537 manifestarentur.
461 1448 565 1514 tisvit.
607 1449 757 1535 Hermog.
779 1472 808 1519 e.
834 1458 848 1516 1
873 1452 916 1518 in.

11 1560 106 1605 esurr.
131 1560 159 1604 a.
184 1543 233 1605 63.
255 1561 288 1623 p.
309 1542 382 1605 341.
547 1533 746 1601 Siintotum
760 1537 903 1604 haereses
918 1559 981 1604 non
996 1542 1073 1603 eunt

533 1621 705 1685 mentietur
730 1622 910 1705 apostolus,
946 1623 1074 1707 praedi-

463 1710 552 1772 cator
572 1704 711 1771 illorum.
736 1707 900 1773 Valente.
914 1713 932 1775 5
948 1730 995 1774 ex.

506 1838 540 1859 ..
561 1812 632 1856 eum
661 1800 799 1875 remeat
828 1794 971 1861 haereses
998 1815 1071 1860 esse.

463 1878 592 1942 Rerum
617 1897 643 1943 e.
664 1882 706 1943 40
728 1878 770 1946 in.

548 1963 654 2046 Atque
677 1965 802 2032 utinam
817 1963 922 2029 nullas
932 1964 1074 2030 haereses

463 2050 649 2131 oportuisset
670 2052 816 2132 existere,
842 2056 878 2116 ut
892 2049 1074 2133 probabiles

464 2134 583 2217 quique
604 2137 779 2203 aniearent.
821 2136 926 2202 Anim.
950 2140 1007 2202 c.3
1029 2135 1074 2200 in.

505 2224 641 2285 23-25.
673 2221 778 2288 Panis
798 2225 831 2288 et
851 2222 961 2288 ratius
982 2222 1075 2287 ¹“se-

463 2310 627 2371 aremento
654 2306 781 2372 iamin
809 2307 973 2391 euangelio
999 2328 1075 2392 pro-

463 2389 608 2456 bavimus
630 2396 769 2474 remoris
792 2398 826 2458 et
837 2396 1004 2479 sanquinis
1019 2394 1073 2459 da-

462 2477 573 2542 minici
599 2477 766 2543 veritatem
796 2479 947 2545 adversus
993 2478 1074 2544 hen-

462 2566 569 2626 taema
602 2561 783 2630 Marcionis.
819 2564 947 2715 thMm'
969 2500 1023 2631 hV.
1046 2585 1073 2629 a.

462 2652 513 2712 40.
536 2669 569 2732 p.
592 2650 797 2735 ete-seu.)
854 2670 918 2719 arc.
941 2650 979 2718 v.
1000 2672 1028 2715 e.
1044 2654 1073 2719 e.

505 2822 642 2886 27-34.
663 2821 706 2885 Et
726 2841 853 2887 omnem
867 2822 979 2888 iudicii
989 2841 1076 2886 men·

461 2903 581 2971 tionem
603 2906 742 2972 creatori
762 2914 943 2992 competere
962 2912 999 2973 ut
1014 2906 1075 2973 deo

461 2989 577 3073 iudici,
615 2996 684 3058 toto
713 3013 817 3078 paene
840 3014 935 3078 opere
956 2998 1077 3059 trecte-

461 3080 531 3143 tum
553 3081 610 3144 eet
654 3077 754 3149 Marc.
776 3078 814 3146 V.
837 3101 862 3145 a.
885 3084 916 3149 8.
938 3101 970 3163 p.
991 3084 1064 3149 405.

333 3490 337 3499 Ι
383 3386 557 3474 0212.le

510 3535 536 3598 1.
559 3529 660 3598 Nune
691 3532 731 3600 de
764 3533 965 3618 spiritalibus
994 3533 1075 3603 dice.

463 3615 875 3703 Mmtaenwt

506 3708 537 3772 4.
558 3704 737 3786 Donativa,
797 3726 859 3771 uae
885 3705 1078 3772 charismata

463 3788 609 3861 dicimus.
661 3791 762 3856 Mara.
814 3812 873 3858 .e.
897 3796 928 3856 8.
948 3813 980 3876 p.
1003 3795 1076 3856 406.

18 3876 139 3943 6-10.
156 3870 237 3956 Alii,
250 3872 365 3958 inquit
379 3873 436 3941 da·
506 3879 622 3942 8-10.
646 3876 766 3944 ¹Videe
787 3877 972 3962 apostolam
994 3882 1027 3942 et
1042 3876 1077 3942 in

9 4018 185 4033 ——-—-a-—·

42 4096 76 4151 2³
112 4093 148 4149 11
170 4096 227 4148 utu.
255 4099 455 4162 manifestarentur
478 4096 571 4154 Gelan.
594 4099 668 4155 Pam.
686 4098 745 4168 Rig.
768 4103 940 4165 manifestentur
957 4101 973 4153 3
993 4099 1081 4156 Vstic.

9 4179 58 4225 ten.
92 4206 99 4223 .
131 4162 217 4233 Gagn
249 4194 273 4204 -
322 4169 366 4232 ’14)
391 4166 424 4222 Π.
449 4169 491 4224 37.
515 4177 605 4236 narrent
627 4167 713 4223 Rhen.
736 4168 756 4222 1.
780 4167 865 4238 Gagn.
888 4168 980 4224 Gelan.
1005 4168 1080 4225 Pam.

9 4244 65 4289 nunt
82 4234 173 4303 Agat).
191 4232 249 4303 Rig.
269 4263 300 4275 -
335 4237 382 4303 rt)
399 4236 434 4293 11.
452 4239 510 4294 296.
528 4248 666 4291 ammenta
683 4237 757 4293 Pam
774 4236 834 4308 [ug.
856 4237 933 4293 Oehl.
949 4257 1080 4295 sacramen·

9 4304 127 4360 nRten.
146 4303 165 4358 1.
184 4311 324 4358 uerum
340 4303 420 4362 Semi.
442 4304 524 4376 [asp.
551 4334 582 4346 ·-
619 4311 644 4374 1)
660 4306 694 4364 IL
712 4306 771 4364 267.
789 4311 840 4362 uita
856 4322 898 4378 up.
917 4305 993 4365 Oehl.
