2744 5260
423 565 468 579 —
509 531 572 591 433
614 565 658 577 -
838 527 1085 598 [2011)’,5-8.
1200 572 1206 585 .

561 697 654 763 Hune
674 698 739 764 iam
759 701 963 767 arrhabones
985 697 1085 764 voluit

475 782 510 848 in
536 784 628 850 nobis
658 784 842 854 collocasse.
884 786 1034 869 Hermog.
1056 805 1082 849 o.

477 874 528 934 34.
548 891 581 954 p.
604 875 673 934 128.

560 955 886 1034 Quemadmodum..
916 955 1004 1022 uotis
1030 977 1082 1021 αν-

474 1041 642 1107 rhabonem
683 1043 814 1124 spiritus
852 1040 1000 1123 reliquit,
1036 1043 1083 1111 ita

476 1126 549 1191 υοῖ
576 1150 597 1192 a
625 1127 719 1192 nobis
748 1127 955 1193 orrduboroem
976 1128 1082 1191 earnis

475 1212 599 1295 accepit
621 1218 654 1278 et
675 1212 760 1278 vexit
780 1212 815 1277 in
830 1212 953 1278 eaelum
968 1213 1082 1296 pignus

474 1298 574 1364 totins
595 1319 753 1379 summae,
790 1298 868 1363 illue
889 1298 1083 1382 quandoque

474 1383 676 1468 redigendae.
700 1385 829 1449 Resurr.
852 1405 878 1449 o.
895 1389 944 1448 51.
967 1405 997 1467 p.
1010 1388 1082 1449 315.

39 1470 67 1530 6.
91 1471 119 1534 7.
146 1467 286 1534 Proinde
308 1488 379 1534 oum
401 1467 449 1532 di·

9 1551 54 1617 :itz
91 1552 208 1639 ltaque
235 1555 344 1637 confisi
370 1574 448 1620 sent·

9 1660 47 1703 νον
67 1645 96 1704 et
114 1641 246 1706 saeuas
268 1640 359 1723 qaod,
380 1661 449 1705 eum

9 1724 239 1792 ”immoramur
262 1729 297 1792 io
315 1746 448 1809 οονρονο,

9 1812 260 1896 *ρονορνοῗνναννιννν
272 1833 293 1877 a
306 1813 451 1890 domium

9 1916 46 1961 ver
79 1898 178 1980 fidem
216 1900 298 1963 enim
333 1897 448 1963 incedi-

9 2002 76 2064 nus,
99 2004 165 2050 oon
179 2005 241 2067 ρον
261 1986 400 2066 spodon,
474 2029 482 2045 .
506 2029 514 2044 .
537 1978 739 2045 manifestum
770 1983 835 2059 est,
870 1978 931 2044 hoo
953 1998 1081 2062 quoque
1131 1988 1134 1995 “

472 2086 537 2131 non
569 2066 731 2150 pertinere
766 2063 808 2130 ad
841 2062 1081 2131 offuscationem

472 2152 578 2218 earnis
600 2152 693 2234 quasi
713 2151 893 2235 separantis
914 2171 973 2216 nos
994 2150 1080 2215 ado

472 2241 566 2304 mino.
609 2237 692 2302 ”Et
720 2237 773 2302 hic
795 2237 879 2302 enim
900 2235 1081 2302 exhortatio

471 2323 684 2388 fastidiendae
711 2323 795 2388 ritae
820 2322 915 2387 huius
944 2322 1081 2388 obverti·

472 2415 534 2489 tur,
556 2408 713 2491 siquidem
729 2410 970 2493 pereffluamus
991 2408 1081 2474 ado

472 2497 563 2574 mino,
580 2492 732 2577 quamdiu
748 2494 897 2559 vivimus:
914 2516 975 2576 ρον
986 2494 1081 2576 fidon

424 2582 429 2593 '
472 2579 660 2661 amedeum,
697 2601 760 2645 ooo
782 2601 844 2662 ρον
863 2582 1008 2662 spodon,
1046 2579 1081 2644 id

473 2670 522 2730 est
536 2686 603 2748 spe,
619 2686 683 2731 non
693 2686 744 2747 re;
768 2671 800 2730 et
814 2666 885 2730 ideo
901 2662 1081 2749 subiungit:

32 2754 60 2815 8.
81 2748 272 2817 ”Fidentes
293 2758 396 2818 autem
418 2759 447 2819 ot

10 2855 104 2902 11111
132 2836 319 2904 ”decades
345 2841 447 2923 mooie

10 2924 185 3008 ereqrineri
219 2944 240 2987 o
268 2943 393 3005 οονρονο
419 2930 448 2990 et

10 3011 156 3074 mmmari
184 3008 229 3073 od
249 3009 415 3092 domiuum,
438 3061 446 3075 .
473 3057 480 3072 .
504 3055 512 3071 .
535 3006 658 3072 seilicet
686 3012 724 3072 ut
747 3028 808 3089 ρον
829 3008 959 3090 maian
980 3008 1081 3091 magis

471 3093 653 3159 incedamus
683 3114 779 3176 quam
795 3114 857 3176 ρον
875 3092 985 3176 fidem,
1022 3115 1081 3178 per

471 3200 538 3244 rem
558 3178 666 3262 potius
690 3200 787 3262 quam
808 3199 866 3262 per
887 3199 987 3262 spem.
1026 3180 1081 3245 Vi·

471 3264 527 3331 des
551 3285 648 3346 quam
669 3265 741 3329 ²⁹et
757 3263 810 3329 hic
825 3285 993 3348 corporum
1007 3286 1082 3331 oon·

470 3355 626 3433 temptum
661 3349 703 3415 ad
733 3351 960 3436 martyriorum
987 3373 1080 3436 prae-

470 3435 622 3502 stantiam
633 3435 760 3502 referat.
783 3436 882 3502 Nemo
897 3438 981 3503 enim
988 3460 1080 3522 ρονο-

467 3523 614 3607 moetus
641 3544 663 3587 a
691 3542 816 3604 οονρονο
841 3524 952 3591 statim
972 3527 1080 3591 immo·

468 3614 561 3674 ratur
597 3629 697 3691 penes
729 3609 910 3689 domiuum,
944 3611 1006 3675 nisi
1041 3632 1081 3677 ex

469 3694 615 3780 martyrii
636 3695 869 3780 praerogativa,
892 3696 1080 3781 ⁸⁰paradiso

11 3830 195 3843 ¹—-

18 3963 25 3975 ·
59 3899 615 3971 23)1L634.anouSeml.1sop.-
649 3902 1080 3973 24)11.522.1·mmmmorPam

11 3964 49 4087 a&
75 3966 109 4021 de
132 3968 189 4023 cod.
212 3969 248 4024 10.
267 3969 349 4027 clem.
372 3976 514 4025 immoremur
530 3970 605 4040 reliq.
623 4003 656 4011 -
692 3974 734 4037 25)
750 3977 918 4041 ρονορνίνιαηων
933 3971 1006 4026 Pam.
1024 3972 1082 4041 Rig.

65 4036 100 4090 Io.
119 4037 201 4092 Clam
216 4044 382 4106 ρονορήνιονιιον
399 4041 474 4109 reliq.
495 4070 527 4079 —
546 4044 593 4105 26)
611 4044 639 4093 n
655 4046 693 4094 hic
710 4046 770 4094 enim
787 4073 820 4082 -
836 4073 871 4082 -·
886 4060 973 4109 pereqr.
990 4060 1004 4093 o
1023 4046 1081 4094 dom.

11 4104 148 4183 mlthen
166 4107 188 4164 Ι.
212 4108 281 4162 Add.
305 4108 338 4162 de
361 4108 418 4163 suis
436 4109 512 4164 libris
529 4108 681 4178 primumi}
736 4110 801 4166 eius.
821 4142 853 4150 —
888 4113 935 4175 27)
956 4113 1081 4175 fiderent

11 4169 77 4228 iane
107 4173 191 4229 Rhen.
209 4176 230 4233 Ι.
261 4176 345 4247 Gagn.
370 4178 443 4233 Pam.
467 4177 525 4247 Rig.
551 4178 608 4234 eod.
633 4179 668 4233 Io.
717 4180 776 4234 lem.
801 4185 906 4233 sodates
931 4179 1024 4234 delen.
1051 4208 1081 4220 -

11 4240 37 4363 ’3)
60 4244 257 4370 disintgfllthen
275 4246 295 4299 Ι.
321 4274 351 4287 -
387 4250 430 4316 29)
452 4252 490 4300 tio
507 4258 527 4302 et
545 4248 636 4303 Gelon
653 4248 727 4303 Pam.
745 4278 778 4290 -
813 4251 854 4315 30)
872 4253 957 4303 scilieet
975 4254 1083 4317 paradiso

37 4324 78 4369 en.
109 4356 116 4369 .
173 4330 216 4383 gn.
1080 4324 1083 4333 ‘

36 4411 182 4483 30111111,
198 4417 256 4473 Das
272 4417 304 4476 N.
322 4418 353 4475 Τ.
373 4417 553 4475 Tertullian's.
841 4411 881 4473 28
