2874 5262
723 501 1043 565 -10..,

283 669 506 755 carthagische
531 668 667 738 Bischol
693 669 870 756 Cyprianus
893 670 951 739 des
979 669 1157 739 Andenken
1178 667 1381 737 Tertullien's

284 773 349 839 und
377 774 431 840 die
464 774 612 859 genialem
633 774 844 858 Erzeugnisse
864 777 966 843 seines
989 776 1115 843 Geistes
1136 774 1329 859 lebenslsng
1348 773 1380 839 in

283 876 390 945 hohen
411 877 519 944 Ehren
541 878 693 963 gehelten
707 879 771 946 het
782 880 834 964 ¹⁸).

369 981 473 1047 Wsnn
497 981 549 1048 die
571 980 693 1047 Schrift
718 981 767 1049 de
788 982 947 1064 Pellio,
977 982 1035 1050 wie
1064 1002 1098 1048 es
1127 981 1189 1048 den
1217 980 1380 1047 Anschein

282 1083 347 1166 het
377 1085 412 1150 in
441 1086 531 1152 einer
549 1089 700 1170 spiteren
722 1087 793 1154 Zeit
815 1085 1022 1171 geschrieben
1044 1086 1101 1167 ist,
1132 1107 1168 1152 so
1198 1085 1283 1152 liisst
1313 1083 1381 1151 sich

282 1208 340 1254 eus
363 1187 425 1253 den
448 1188 594 1270 Worten,
623 1189 740 1255 welche
770 1189 863 1255 derin
885 1190 958 1256 dem
985 1211 1050 1257 von
1071 1188 1249 1256 Tertullien
1278 1186 1381 1254 nech-

281 1291 363 1357 mels
397 1291 568 1358 erwihlten
592 1291 966 1379 Philosophengewende
994 1292 1157 1379 beigelegt
1179 1290 1312 1357 werden
1330 1292 1381 1377 ¹⁹),

282 1393 509 1477 erschliessen,
543 1395 619 1462 dess
640 1418 676 1463 er
697 1398 731 1462 in
753 1395 814 1462 der
830 1396 950 1463 letzten
971 1395 1109 1463 Perinde
1130 1396 1235 1462 seines
1250 1395 1381 1463 Lebens

280 1521 343 1565 uon
366 1500 438 1566 dem
453 1500 588 1569 Treiben
607 1500 665 1566 der
678 1498 766 1566 Welt
784 1499 854 1565 sich
870 1500 1127 1586 zurichgezogen
1140 1499 1208 1567 het.
1230 1537 1274 1549 -
1289 1496 1382 1564 Nech

280 1603 400 1670 seinem
422 1604 546 1670 Nemen
565 1608 687 1669 nunnte
709 1603 779 1669 sich
800 1605 883 1671 noch
905 1626 945 1670 zu
967 1603 1024 1671 des
1046 1604 1243 1690 Augustinus
1266 1602 1381 1671 Zeiten

281 1704 351 1773 eine
372 1706 465 1774 Secte
486 1708 519 1773 in
541 1705 704 1791 Carthago
714 1707 769 1791 ²⁰).

518 1952 573 2018 11.
619 1914 881 2020 Tertullienh
908 1948 1130 2020 Schriften.

363 2088 420 2152 Als
448 2109 511 2153 von
540 2087 718 2154 Tertullien
745 2087 881 2154 werfesst
915 2088 1044 2154 werden
1076 2086 1171 2152 theiis
1209 2106 1272 2151 von
1310 2083 1379 2150 ihm

279 2188 379 2256 selbot
399 2189 495 2257 theiis
517 2213 579 2258 von
601 2192 759 2277 Spdteren
780 2190 927 2258 mehrere
950 2189 1109 2257 Schriften
1131 2192 1283 2274 genennt,
1306 2187 1379 2255 wel·

277 2363 495 2431 comparabiliter
511 2364 658 2435 scripserit,
676 2363 705 2419 in
722 2363 774 2420 hoc
791 2366 878 2422 solum
901 2379 932 2421 se
948 2361 1189 2435 reprehensibilem
1214 2360 1280 2417 iecit
1304 2357 1379 2431 quod

277 2447 434 2505 Montanum
451 2450 580 2521 defendit,
597 2466 681 2522 egens
699 2456 793 2507 oontm
810 2451 931 2507 Soterem
949 2448 1133 2519 suprodictum
1152 2448 1228 2505 urbis
1245 2448 1361 2518 Papam

348 2536 395 2605 18)
413 2535 519 2594 Hieron
543 2538 628 2595 Cetei.
646 2552 668 2592 c.
688 2540 728 2593 53.
751 2566 786 2579 -
809 2536 903 2593 Eiusd
920 2537 1033 2607 Epistol
1052 2539 1095 2593 42.
1114 2535 1148 2591 ed
1168 2534 1324 2591 Pemmnclu
1350 2538 1379 2588 et

279 2621 394 2680 Oceums
415 2623 517 2681 Beetns
534 2624 683 2696 Cyprianus
700 2623 869 2679 Tertulliano
886 2624 1014 2694 megism
1030 2621 1126 2688 utitur,
1144 2627 1176 2676 ut
1193 2621 1252 2677 eius
1270 2619 1378 2690 scriptu

275 2709 405 2776 probenu
422 2726 536 2780 cumque
553 2711 653 2766 eruditi
669 2716 697 2766 et
713 2710 833 2785 ardentis
848 2712 899 2767 wiri
915 2711 1065 2768 delectetur
1079 2707 1196 2779 ingenio,
1214 2706 1377 2763 Montanum

277 2812 338 2852 cum
356 2812 387 2852 eo
403 2796 631 2867 Maximillemque
648 2814 703 2854 non
721 2798 850 2869 sequitur.

347 2885 392 2955 19)
410 2883 522 2940 Tertull.
539 2884 564 2941 d.
581 2884 667 2940 Pellio
685 2901 706 2940 c
729 2887 759 2939 5:
777 2885 843 2954 Ego,
860 2883 948 2954 inquit
964 2881 1111 2955 (pellium),
1129 2879 1197 2936 nihil
1214 2878 1290 2946 foro,
1305 2877 1377 2934 nihil

277 2986 378 3040 compo,
397 2970 466 3026 nihil
478 2970 570 3027 curiae
581 2970 674 3037 debeo,
690 2970 758 3026 nihil
770 2969 859 3028 officio
870 2969 994 3040 advigilo,
1010 2968 1087 3024 nulle
1099 2972 1188 3024 roste
1197 2980 1376 3036 praeoccupo,

275 3057 497 3128 nullepreetorie
513 3059 639 3123 observo,
663 3057 771 3114 cenules
789 3073 843 3113 non
860 3056 951 3124 odoro,
969 3054 1102 3112 cancellos
1118 3069 1172 3109 non
1189 3052 1286 3118 edero,
1310 3052 1377 3106 sub·

277 3144 355 3201 sellis
372 3160 425 3199 non
441 3145 584 3211 contundo,
601 3145 662 3200 iure
679 3160 733 3200 non
748 3142 886 3208 conturbo,
905 3157 1003 3200 censes
1019 3156 1075 3197 non
1092 3139 1186 3205 eletro,
1203 3154 1258 3195 non
1273 3137 1378 3202 iudico,

277 3247 331 3287 non
348 3230 448 3296 milito,
474 3246 527 3287 non
546 3246 644 3301 regno,
668 3230 770 3285 secessi
799 3230 833 3285 dc
856 3230 963 3300 populo.
997 3228 1029 3282 In
1047 3242 1090 3282 ms
1108 3223 1217 3282 unicum
1235 3222 1378 3294 negotium

275 3317 341 3373 mihi
360 3325 418 3385 est3
438 3316 492 3373 nisi
509 3317 584 3373 eliud
600 3334 655 3374 non
671 3333 736 3373 curo
753 3333 834 3386 quem
851 3331 886 3372 ns
903 3330 1004 3371 curem.

345 3407 391 3471 2⁰)
408 3404 551 3475 Augustin.
570 3403 596 3461 d.
613 3403 725 3459 Heeres.
744 3419 766 3459 c.
785 3406 834 3460 81:
851 3399 1073 3457 Tertullianistes
1091 3414 1108 3455 u
1126 3396 1309 3460 Tertulliano,
1328 3411 1376 3451 cu·

275 3498 319 3553 ius
339 3494 466 3563 leguntur
483 3492 613 3561 opuscula
631 3491 718 3545 multu
734 3488 953 3560 eloquentissime
970 3487 1079 3558 scripte,
1094 3499 1182 3554 usque
1201 3483 1236 3539 ed
1252 3487 1377 3538 nostrum

275 3587 382 3650 tempus
398 3577 530 3649 paulatim
548 3577 703 3634 deficientes
720 3576 749 3631 in
766 3573 894 3631 extremis
911 3572 1033 3643 reliquiis
1056 3570 1155 3629 tmere
1178 3574 1324 3641 potuerunt
1346 3567 1376 3621 in

275 3669 342 3723 urbe
366 3663 590 3734 cemmgimemi.
629 3665 675 3718 Me
700 3662 771 3718 enim
795 3661 833 3717 ibi
856 3659 944 3733 posito
968 3665 1030 3715 ente
1053 3658 1157 3728 eliquot
1179 3671 1278 3721 annos,
1302 3651 1377 3724 quod

276 3754 358 3810 etiem
370 3759 397 3808 ts
408 3750 565 3806 meminisse
578 3749 701 3815 arbitror,
719 3748 792 3805 omni
806 3763 840 3803 ex
856 3752 934 3817 perte
953 3743 1104 3815 consumpti
1118 3748 1190 3803 sunt.
1212 3738 1376 3798 Peneissimi

275 3840 372 3905 etiem,
389 3838 436 3909 qui
452 3843 654 3905 remanserunt,
670 3836 699 3892 in
715 3835 876 3892 catholicum
893 3832 1060 3890 transierunt
1076 3844 1207 3899 suumque
1224 3828 1375 3893 basilicam,

275 3943 345 4000 quoe
362 3942 434 3983 nunc
451 3925 533 3981 etiem
549 3923 690 3979 nohsume
712 3928 768 3990 est,
792 3919 942 3976 catholicoe
963 3917 1140 3974 tradiderunt.
1158 3944 1191 3958 —
1216 3913 1375 3972 Neender

274 4033 300 4074 s
318 4015 348 4072 0.
367 4015 393 4069 S.
413 4015 462 4068 307
488 4012 562 4067 stelit
586 4025 615 4066 ss
639 4010 681 4066 els
702 4005 925 4064 wehrsoheinlich
951 4004 1014 4072 hin,
1032 4004 1096 4061 dess
1114 4004 1265 4061 Tertullien
1282 4008 1375 4074 sptter

274 4102 360 4160 durch
377 4106 489 4156 iussere
507 4097 572 4158 oder
589 4096 683 4153 innere
700 4092 907 4165 Beueggrtnde,
924 4089 1061 4148 vielleicbt
1081 4091 1125 4149 bei
1143 4092 1204 4148 dem
1222 4091 1297 4148 Todc
1321 4087 1373 4144 sei-

273 4207 324 4249 ner
342 4189 426 4253 Frsn,
444 4186 480 4243 de
503 4200 533 4242 er
550 4184 626 4240 nicht
643 4182 741 4239 wieder
758 4197 793 4237 eu
810 4178 954 4236 heirethen
979 4179 1167 4237 sntscblossen
1185 4194 1252 4244 wer,
1275 4190 1372 4232 wemn-

273 4279 343 4335 lesst
359 4272 458 4339 werde,
476 4271 521 4328 die
537 4268 723 4330 Lebensweise
740 4268 789 4325 der
805 4266 927 4324 Asketsn
950 4265 1064 4336 (mnus
1089 4268 1227 4336 φιλόσοφος
1243 4288 1275 4316 =
1294 4264 1373 4329 deep

275 4365 332 4436 ιής)
350 4359 545 4418 enznnehmcn.
