<?xml version="1.0" encoding="UTF-8"?>
<!DOCTYPE html PUBLIC "-//W3C//DTD XHTML 1.0 Transitional//EN"
    "http://www.w3.org/TR/xhtml1/DTD/xhtml1-transitional.dtd">
<html xmlns="http://www.w3.org/1999/xhtml" xml:lang="en" lang="en">
 <head>
  <title>
</title>
<meta http-equiv="Content-Type" content="text/html;charset=utf-8" />
  <meta name='ocr-system' content='tesseract 3.04.00' />
  <meta name='ocr-capabilities' content='ocr_page ocr_carea ocr_par ocr_line ocrx_word'/>
</head>
<body>
  <div class='ocr_page' id='page_1' title='image "./dasneuetestamen00rngoog_0023.png"; bbox 0 0 2874 5262; ppageno 0'>
   <div class='ocr_carea' id='block_1_1' title="bbox 513 501 709 563">
    <p class='ocr_par' dir='ltr' id='par_1_1' title="bbox 513 501 709 563">
     <span class='ocr_line' id='line_1_1' title="bbox 513 501 709 563; baseline -0.02 0"><span class='ocrx_word' id='word_1_1' title='bbox 513 501 709 563; x_wconf 78' lang='lat'><strong>-.-9-.</strong></span> 
     </span>
    </p>
   </div>
   <div class='ocr_carea' id='block_1_2' title="bbox 68 666 1214 1999">
    <p class='ocr_par' dir='ltr' id='par_1_2' title="bbox 68 666 1214 1999">
     <span class='ocr_line' id='line_1_2' title="bbox 69 666 1155 758; baseline -0.006 -15"><span class='ocrx_word' id='word_1_2' title='bbox 69 675 179 743; x_wconf 80' lang='lat' dir='ltr'>hunde</span> <span class='ocrx_word' id='word_1_3' title='bbox 199 675 352 758; x_wconf 77' lang='lat' dir='ltr'>gegeben:</span> <span class='ocrx_word' id='word_1_4' title='bbox 376 693 410 736; x_wconf 91' lang='lat' dir='ltr'>er</span> <span class='ocrx_word' id='word_1_5' title='bbox 429 669 567 737; x_wconf 84' lang='lat' dir='ltr'>bestand</span> <span class='ocrx_word' id='word_1_6' title='bbox 588 670 622 735; x_wconf 91' lang='lat' dir='ltr'>in</span> <span class='ocrx_word' id='word_1_7' title='bbox 643 668 700 734; x_wconf 88' lang='lat' dir='ltr'>der</span> <span class='ocrx_word' id='word_1_8' title='bbox 715 666 937 752; x_wconf 75' lang='lat' dir='ltr'>Gehiissigkeit</span> <span class='ocrx_word' id='word_1_9' title='bbox 957 670 1023 737; x_wconf 90' lang='lat' dir='ltr'>und</span> <span class='ocrx_word' id='word_1_10' title='bbox 1043 670 1077 735; x_wconf 91' lang='lat' dir='ltr'>in</span> <span class='ocrx_word' id='word_1_11' title='bbox 1092 670 1155 737; x_wconf 90' lang='lat' dir='ltr'>den</span> 
     </span>
     <span class='ocr_line' id='line_1_3' title="bbox 69 772 1214 858; baseline -0.009 -11"><span class='ocrx_word' id='word_1_12' title='bbox 69 779 270 847; x_wconf 71' lang='lat' dir='ltr'>trinkenden</span> <span class='ocrx_word' id='word_1_13' title='bbox 299 775 545 858; x_wconf 75' lang='lat' dir='ltr'>Schmiihungen</span> <span class='ocrx_word' id='word_1_14' title='bbox 576 774 634 840; x_wconf 89' lang='lat' dir='ltr'>der</span> <span class='ocrx_word' id='word_1_15' title='bbox 665 772 847 839; x_wconf 73' lang='lat' dir='ltr'>romischen</span> <span class='ocrx_word' id='word_1_16' title='bbox 874 773 1021 841; x_wconf 86' lang='lat' dir='ltr'>Kleriker</span> <span class='ocrx_word' id='word_1_17' title='bbox 1053 794 1154 858; x_wconf 82' lang='lat' dir='ltr'>gagen</span> <span class='ocrx_word' id='word_1_18' title='bbox 1209 786 1214 795; x_wconf 94' lang='grc'><strong><em>’</em></strong></span> 
     </span>
     <span class='ocr_line' id='line_1_4' title="bbox 70 876 1153 967; baseline -0.007 -18"><span class='ocrx_word' id='word_1_19' title='bbox 70 885 119 949; x_wconf 86' lang='lat' dir='ltr'>ihn</span> <span class='ocrx_word' id='word_1_20' title='bbox 141 882 274 967; x_wconf 84' lang='lat' dir='ltr'>(invidia</span> <span class='ocrx_word' id='word_1_21' title='bbox 302 885 335 946; x_wconf 88' lang='lat' dir='ltr'>et</span> <span class='ocrx_word' id='word_1_22' title='bbox 358 877 557 944; x_wconf 88' lang='lat' dir='ltr'>contumehis</span> <span class='ocrx_word' id='word_1_23' title='bbox 580 877 770 943; x_wconf 86' lang='lat' dir='ltr'>elericorum</span> <span class='ocrx_word' id='word_1_24' title='bbox 791 876 955 944; x_wconf 82' lang='lat' dir='ltr'>Romanae</span> <span class='ocrx_word' id='word_1_25' title='bbox 976 877 1153 962; x_wconf 85' lang='lat' dir='ltr'>ecclesiae).</span> 
     </span>
     <span class='ocr_line' id='line_1_5' title="bbox 69 979 1156 1068; baseline -0.007 -14"><span class='ocrx_word' id='word_1_26' title='bbox 69 987 120 1053; x_wconf 83' lang='lat' dir='ltr'>Bai</span> <span class='ocrx_word' id='word_1_27' title='bbox 146 987 219 1053; x_wconf 88' lang='lat' dir='ltr'>dem</span> <span class='ocrx_word' id='word_1_28' title='bbox 244 983 385 1068; x_wconf 84' lang='lat' dir='ltr'>heftigen</span> <span class='ocrx_word' id='word_1_29' title='bbox 415 981 677 1065; x_wconf 86' lang='lat' dir='ltr'>Temperamente</span> <span class='ocrx_word' id='word_1_30' title='bbox 706 979 923 1062; x_wconf 85' lang='lat' dir='ltr'>Tertullian&#39;s,</span> <span class='ocrx_word' id='word_1_31' title='bbox 957 981 1090 1048; x_wconf 83' lang='lat' dir='ltr'>welches</span> <span class='ocrx_word' id='word_1_32' title='bbox 1120 1003 1156 1047; x_wconf 92' lang='lat' dir='ltr'>er</span> 
     </span>
     <span class='ocr_line' id='line_1_6' title="bbox 69 1083 1158 1172; baseline -0.006 -16"><span class='ocrx_word' id='word_1_33' title='bbox 69 1091 161 1158; x_wconf 87' lang='lat' dir='ltr'>selbst</span> <span class='ocrx_word' id='word_1_34' title='bbox 190 1112 241 1156; x_wconf 88' lang='lat' dir='ltr'>am</span> <span class='ocrx_word' id='word_1_35' title='bbox 269 1088 405 1152; x_wconf 86' lang='lat' dir='ltr'>meisten</span> <span class='ocrx_word' id='word_1_36' title='bbox 434 1083 502 1149; x_wconf 89' lang='lat' dir='ltr'>sich</span> <span class='ocrx_word' id='word_1_37' title='bbox 536 1105 608 1150; x_wconf 86' lang='lat' dir='ltr'>zum</span> <span class='ocrx_word' id='word_1_38' title='bbox 634 1083 799 1150; x_wconf 85' lang='lat' dir='ltr'>Vorwurfe</span> <span class='ocrx_word' id='word_1_39' title='bbox 828 1087 976 1168; x_wconf 81' lang='lat' dir='ltr'>gemacht</span> <span class='ocrx_word' id='word_1_40' title='bbox 992 1088 1053 1172; x_wconf 77' lang='lat'>¹⁶),</span> <span class='ocrx_word' id='word_1_41' title='bbox 1082 1083 1158 1151; x_wconf 83' lang='lat' dir='ltr'>dari</span> 
     </span>
     <span class='ocr_line' id='line_1_7' title="bbox 69 1187 1156 1270; baseline -0.006 -10"><span class='ocrx_word' id='word_1_42' title='bbox 69 1214 100 1260; x_wconf 88' lang='lat' dir='ltr'>es</span> <span class='ocrx_word' id='word_1_43' title='bbox 119 1215 177 1259; x_wconf 89' lang='lat' dir='ltr'>uns</span> <span class='ocrx_word' id='word_1_44' title='bbox 199 1191 288 1258; x_wconf 90' lang='lat' dir='ltr'>nicht</span> <span class='ocrx_word' id='word_1_45' title='bbox 305 1188 523 1270; x_wconf 83' lang='lat' dir='ltr'>rerwundern,</span> <span class='ocrx_word' id='word_1_46' title='bbox 546 1187 620 1254; x_wconf 85' lang='lat' dir='ltr'>dass</span> <span class='ocrx_word' id='word_1_47' title='bbox 643 1207 679 1253; x_wconf 91' lang='lat' dir='ltr'>er</span> <span class='ocrx_word' id='word_1_48' title='bbox 700 1188 788 1254; x_wconf 88' lang='lat' dir='ltr'>einer</span> <span class='ocrx_word' id='word_1_49' title='bbox 809 1187 927 1254; x_wconf 87' lang='lat' dir='ltr'>Kirche</span> <span class='ocrx_word' id='word_1_50' title='bbox 949 1189 1012 1255; x_wconf 92' lang='lat' dir='ltr'>deu</span> <span class='ocrx_word' id='word_1_51' title='bbox 1025 1188 1156 1255; x_wconf 84' lang='lat' dir='ltr'>Riicken</span> 
     </span>
     <span class='ocr_line' id='line_1_8' title="bbox 69 1290 1156 1377; baseline -0.003 -15"><span class='ocrx_word' id='word_1_52' title='bbox 69 1297 184 1377; x_wconf 84' lang='lat' dir='ltr'>kehrte,</span> <span class='ocrx_word' id='word_1_53' title='bbox 207 1296 305 1362; x_wconf 91' lang='lat' dir='ltr'>deren</span> <span class='ocrx_word' id='word_1_54' title='bbox 326 1291 579 1374; x_wconf 79' lang='lat' dir='ltr'>Wirrdentr‘ager</span> <span class='ocrx_word' id='word_1_55' title='bbox 599 1291 634 1356; x_wconf 89' lang='lat' dir='ltr'>in</span> <span class='ocrx_word' id='word_1_56' title='bbox 652 1313 687 1357; x_wconf 90' lang='lat' dir='ltr'>so</span> <span class='ocrx_word' id='word_1_57' title='bbox 709 1291 811 1375; x_wconf 85' lang='lat' dir='ltr'>wenig</span> <span class='ocrx_word' id='word_1_58' title='bbox 833 1290 1035 1360; x_wconf 82' lang='lat' dir='ltr'>christlicher</span> <span class='ocrx_word' id='word_1_59' title='bbox 1050 1293 1156 1359; x_wconf 89' lang='lat' dir='ltr'>Weiss</span> 
     </span>
     <span class='ocr_line' id='line_1_9' title="bbox 69 1394 1155 1483; baseline -0.004 -18"><span class='ocrx_word' id='word_1_60' title='bbox 69 1397 334 1483; x_wconf 87' lang='lat' dir='ltr'>ihnangefeindet</span> <span class='ocrx_word' id='word_1_61' title='bbox 355 1398 475 1462; x_wconf 90' lang='lat' dir='ltr'>hatten.</span> <span class='ocrx_word' id='word_1_62' title='bbox 519 1394 643 1461; x_wconf 79' lang='lat' dir='ltr'>dedoch</span> <span class='ocrx_word' id='word_1_63' title='bbox 656 1395 713 1460; x_wconf 87' lang='lat' dir='ltr'>wie</span> <span class='ocrx_word' id='word_1_64' title='bbox 737 1414 813 1460; x_wconf 89' lang='lat' dir='ltr'>man</span> <span class='ocrx_word' id='word_1_65' title='bbox 834 1396 916 1460; x_wconf 87' lang='lat' dir='ltr'>auch</span> <span class='ocrx_word' id='word_1_66' title='bbox 938 1396 1090 1464; x_wconf 86' lang='lat' dir='ltr'>hieriiber</span> <span class='ocrx_word' id='word_1_67' title='bbox 1104 1418 1155 1462; x_wconf 89' lang='lat' dir='ltr'>ur·</span> 
     </span>
     <span class='ocr_line' id='line_1_10' title="bbox 68 1497 1155 1586; baseline -0.003 -19"><span class='ocrx_word' id='word_1_68' title='bbox 68 1502 181 1567; x_wconf 82' lang='lat' dir='ltr'>theilen</span> <span class='ocrx_word' id='word_1_69' title='bbox 208 1506 317 1586; x_wconf 81' lang='lat' dir='ltr'>miige,</span> <span class='ocrx_word' id='word_1_70' title='bbox 345 1500 397 1567; x_wconf 84' lang='lat' dir='ltr'>fiir</span> <span class='ocrx_word' id='word_1_71' title='bbox 425 1499 478 1565; x_wconf 88' lang='lat' dir='ltr'>die</span> <span class='ocrx_word' id='word_1_72' title='bbox 499 1497 649 1564; x_wconf 84' lang='lat' dir='ltr'>Reinheit</span> <span class='ocrx_word' id='word_1_73' title='bbox 669 1498 773 1564; x_wconf 79' lang='lat' dir='ltr'>selues</span> <span class='ocrx_word' id='word_1_74' title='bbox 796 1497 949 1566; x_wconf 85' lang='lat' dir='ltr'>Strebens</span> <span class='ocrx_word' id='word_1_75' title='bbox 971 1501 1037 1567; x_wconf 88' lang='lat' dir='ltr'>und</span> <span class='ocrx_word' id='word_1_76' title='bbox 1059 1499 1155 1565; x_wconf 87' lang='lat' dir='ltr'>Wan-</span> 
     </span>
     <span class='ocr_line' id='line_1_11' title="bbox 69 1599 1156 1690; baseline -0.001 -20"><span class='ocrx_word' id='word_1_77' title='bbox 69 1605 130 1671; x_wconf 87' lang='lat' dir='ltr'>dela</span> <span class='ocrx_word' id='word_1_78' title='bbox 151 1604 275 1690; x_wconf 87' lang='lat' dir='ltr'>spricht</span> <span class='ocrx_word' id='word_1_79' title='bbox 299 1601 471 1688; x_wconf 86' lang='lat' dir='ltr'>jedenfalls</span> <span class='ocrx_word' id='word_1_80' title='bbox 499 1602 551 1667; x_wconf 89' lang='lat' dir='ltr'>die</span> <span class='ocrx_word' id='word_1_81' title='bbox 580 1599 749 1667; x_wconf 66' lang='lat' dir='ltr'>zwdfache</span> <span class='ocrx_word' id='word_1_82' title='bbox 770 1600 961 1684; x_wconf 87' lang='lat' dir='ltr'>Thatsache,</span> <span class='ocrx_word' id='word_1_83' title='bbox 984 1603 1058 1669; x_wconf 89' lang='lat' dir='ltr'>dass</span> <span class='ocrx_word' id='word_1_84' title='bbox 1080 1625 1156 1669; x_wconf 87' lang='lat' dir='ltr'>man</span> 
     </span>
     <span class='ocr_line' id='line_1_12' title="bbox 68 1703 1154 1789; baseline -0.002 -15"><span class='ocrx_word' id='word_1_85' title='bbox 68 1730 102 1774; x_wconf 88' lang='lat' dir='ltr'>zu</span> <span class='ocrx_word' id='word_1_86' title='bbox 119 1707 236 1774; x_wconf 86' lang='lat' dir='ltr'>heinen</span> <span class='ocrx_word' id='word_1_87' title='bbox 257 1708 366 1773; x_wconf 88' lang='lat' dir='ltr'>Zeiten</span> <span class='ocrx_word' id='word_1_88' title='bbox 387 1705 556 1771; x_wconf 88' lang='lat' dir='ltr'>iunerhalb</span> <span class='ocrx_word' id='word_1_89' title='bbox 586 1704 644 1771; x_wconf 91' lang='lat' dir='ltr'>der</span> <span class='ocrx_word' id='word_1_90' title='bbox 664 1703 781 1770; x_wconf 88' lang='lat' dir='ltr'>Kirche</span> <span class='ocrx_word' id='word_1_91' title='bbox 810 1705 900 1771; x_wconf 89' lang='lat' dir='ltr'>einen</span> <span class='ocrx_word' id='word_1_92' title='bbox 921 1707 1058 1789; x_wconf 87' lang='lat' dir='ltr'>andern,</span> <span class='ocrx_word' id='word_1_93' title='bbox 1081 1707 1154 1773; x_wconf 72' lang='lat' dir='ltr'>har·</span> 
     </span>
     <span class='ocr_line' id='line_1_13' title="bbox 69 1807 1155 1895; baseline -0.001 -18"><span class='ocrx_word' id='word_1_94' title='bbox 69 1816 152 1877; x_wconf 88' lang='lat' dir='ltr'>teren</span> <span class='ocrx_word' id='word_1_95' title='bbox 180 1810 343 1892; x_wconf 81' lang='lat' dir='ltr'>Vorwnrf,</span> <span class='ocrx_word' id='word_1_96' title='bbox 373 1810 420 1876; x_wconf 88' lang='lat' dir='ltr'>als</span> <span class='ocrx_word' id='word_1_97' title='bbox 450 1810 514 1875; x_wconf 92' lang='lat' dir='ltr'>den</span> <span class='ocrx_word' id='word_1_98' title='bbox 542 1807 598 1874; x_wconf 88' lang='lat' dir='ltr'>des</span> <span class='ocrx_word' id='word_1_99' title='bbox 626 1807 874 1891; x_wconf 86' lang='lat' dir='ltr'>Montauismns,</span> <span class='ocrx_word' id='word_1_100' title='bbox 901 1831 1002 1895; x_wconf 88' lang='lat' dir='ltr'>gegen</span> <span class='ocrx_word' id='word_1_101' title='bbox 1034 1811 1090 1876; x_wconf 90' lang='lat' dir='ltr'>ihn</span> <span class='ocrx_word' id='word_1_102' title='bbox 1115 1833 1155 1876; x_wconf 90' lang='lat' dir='ltr'>zu</span> 
     </span>
     <span class='ocr_line' id='line_1_14' title="bbox 71 1910 1155 1999; baseline 0 -19"><span class='ocrx_word' id='word_1_103' title='bbox 71 1915 199 1981; x_wconf 87' lang='lat' dir='ltr'>erheben</span> <span class='ocrx_word' id='word_1_104' title='bbox 230 1912 412 1981; x_wconf 86' lang='lat' dir='ltr'>vermochte</span> <span class='ocrx_word' id='word_1_105' title='bbox 426 1915 467 1999; x_wconf 76' lang='lat'>¹⁷)</span> <span class='ocrx_word' id='word_1_106' title='bbox 498 1912 564 1978; x_wconf 90' lang='lat' dir='ltr'>und</span> <span class='ocrx_word' id='word_1_107' title='bbox 594 1910 667 1977; x_wconf 85' lang='lat' dir='ltr'>dass</span> <span class='ocrx_word' id='word_1_108' title='bbox 697 1911 800 1978; x_wconf 88' lang='lat' dir='ltr'>selbst</span> <span class='ocrx_word' id='word_1_109' title='bbox 829 1912 887 1979; x_wconf 87' lang='lat' dir='ltr'>der</span> <span class='ocrx_word' id='word_1_110' title='bbox 921 1914 1155 1998; x_wconf 85' lang='lat' dir='ltr'>hochgcfeierte</span> 
     </span>
    </p>
   </div>
   <div class='ocr_carea' id='block_1_3' title="bbox 67 2150 1158 4386">
    <p class='ocr_par' dir='ltr' id='par_1_3' title="bbox 67 2150 1158 3346">
     <span class='ocr_line' id='line_1_15' title="bbox 130 2150 1157 2227; baseline 0 -17"><span class='ocrx_word' id='word_1_111' title='bbox 130 2159 175 2227; x_wconf 85' lang='lat' dir='ltr'>tt)</span> <span class='ocrx_word' id='word_1_112' title='bbox 193 2154 306 2212; x_wconf 87' lang='lat' dir='ltr'>Tertull.</span> <span class='ocrx_word' id='word_1_113' title='bbox 325 2153 352 2212; x_wconf 84' lang='lat' dir='ltr'>d.</span> <span class='ocrx_word' id='word_1_114' title='bbox 368 2153 485 2211; x_wconf 88' lang='lat' dir='ltr'>Patient.</span> <span class='ocrx_word' id='word_1_115' title='bbox 508 2169 530 2208; x_wconf 91' lang='lat' dir='ltr'>c.</span> <span class='ocrx_word' id='word_1_116' title='bbox 550 2153 580 2206; x_wconf 83' lang='lat'>1:</span> <span class='ocrx_word' id='word_1_117' title='bbox 605 2150 739 2208; x_wconf 87' lang='lat' dir='ltr'>Confiteor</span> <span class='ocrx_word' id='word_1_118' title='bbox 762 2152 798 2209; x_wconf 85' lang='lat' dir='ltr'>ud</span> <span class='ocrx_word' id='word_1_119' title='bbox 825 2152 963 2209; x_wconf 89' lang='lat' dir='ltr'>dominum</span> <span class='ocrx_word' id='word_1_120' title='bbox 986 2152 1066 2208; x_wconf 88' lang='lat' dir='ltr'>deum</span> <span class='ocrx_word' id='word_1_121' title='bbox 1089 2154 1157 2210; x_wconf 81' lang='lat' dir='ltr'>sads</span> 
     </span>
     <span class='ocr_line' id='line_1_16' title="bbox 68 2238 1157 2309; baseline -0.003 -12"><span class='ocrx_word' id='word_1_122' title='bbox 68 2250 160 2298; x_wconf 75' lang='lat' dir='ltr'>tamem</span> <span class='ocrx_word' id='word_1_123' title='bbox 177 2258 235 2307; x_wconf 90' lang='lat' dir='ltr'>me,</span> <span class='ocrx_word' id='word_1_124' title='bbox 260 2242 284 2296; x_wconf 88' lang='lat' dir='ltr'>si</span> <span class='ocrx_word' id='word_1_125' title='bbox 302 2257 356 2297; x_wconf 88' lang='lat' dir='ltr'>non</span> <span class='ocrx_word' id='word_1_126' title='bbox 373 2241 454 2295; x_wconf 86' lang='lat' dir='ltr'>etiam</span> <span class='ocrx_word' id='word_1_127' title='bbox 470 2238 652 2308; x_wconf 88' lang='lat' dir='ltr'>impudenter,</span> <span class='ocrx_word' id='word_1_128' title='bbox 677 2238 710 2293; x_wconf 88' lang='lat' dir='ltr'>de</span> <span class='ocrx_word' id='word_1_129' title='bbox 728 2239 860 2308; x_wconf 88' lang='lat' dir='ltr'>patientia</span> <span class='ocrx_word' id='word_1_130' title='bbox 876 2254 1035 2309; x_wconf 89' lang='lat' dir='ltr'>componere</span> <span class='ocrx_word' id='word_1_131' title='bbox 1052 2256 1157 2308; x_wconf 87' lang='lat' dir='ltr'>ausum,</span> 
     </span>
     <span class='ocr_line' id='line_1_17' title="bbox 67 2325 1157 2397; baseline -0.001 -13"><span class='ocrx_word' id='word_1_132' title='bbox 67 2328 106 2383; x_wconf 84' lang='lat' dir='ltr'>cui</span> <span class='ocrx_word' id='word_1_133' title='bbox 121 2327 302 2397; x_wconf 86' lang='lat' dir='ltr'>praestandae</span> <span class='ocrx_word' id='word_1_134' title='bbox 312 2326 426 2382; x_wconf 85' lang='lat' dir='ltr'>idoneus</span> <span class='ocrx_word' id='word_1_135' title='bbox 436 2326 543 2381; x_wconf 90' lang='lat' dir='ltr'>omnino</span> <span class='ocrx_word' id='word_1_136' title='bbox 560 2342 614 2380; x_wconf 91' lang='lat' dir='ltr'>non</span> <span class='ocrx_word' id='word_1_137' title='bbox 632 2340 692 2379; x_wconf 88' lang='lat' dir='ltr'>sum</span> <span class='ocrx_word' id='word_1_138' title='bbox 708 2331 739 2379; x_wconf 91' lang='lat' dir='ltr'>ut</span> <span class='ocrx_word' id='word_1_139' title='bbox 755 2325 835 2382; x_wconf 93' lang='lat' dir='ltr'>homo</span> <span class='ocrx_word' id='word_1_140' title='bbox 852 2325 953 2381; x_wconf 90' lang='lat' dir='ltr'>nullius</span> <span class='ocrx_word' id='word_1_141' title='bbox 963 2326 1033 2394; x_wconf 92' lang='lat' dir='ltr'>honi,</span> <span class='ocrx_word' id='word_1_142' title='bbox 1049 2327 1157 2396; x_wconf 84' lang='lat' dir='ltr'>quando</span> 
     </span>
     <span class='ocr_line' id='line_1_18' title="bbox 69 2411 1155 2481; baseline 0 -12"><span class='ocrx_word' id='word_1_143' title='bbox 69 2422 182 2481; x_wconf 68' lang='lat' dir='ltr'>opertam</span> <span class='ocrx_word' id='word_1_144' title='bbox 212 2412 469 2470; x_wconf 83' lang='lat' dir='ltr'>demonstrationem</span> <span class='ocrx_word' id='word_1_145' title='bbox 499 2416 526 2466; x_wconf 91' lang='lat' dir='ltr'>et</span> <span class='ocrx_word' id='word_1_146' title='bbox 555 2411 813 2467; x_wconf 83' lang='lat' dir='ltr'>commendationem</span> <span class='ocrx_word' id='word_1_147' title='bbox 843 2412 959 2467; x_wconf 88' lang='lat' dir='ltr'>alicuius</span> <span class='ocrx_word' id='word_1_148' title='bbox 982 2412 1022 2467; x_wconf 91' lang='lat' dir='ltr'>rei</span> <span class='ocrx_word' id='word_1_149' title='bbox 1046 2413 1155 2469; x_wconf 86' lang='lat' dir='ltr'>adortos</span> 
     </span>
     <span class='ocr_line' id='line_1_19' title="bbox 68 2491 1157 2571; baseline 0.001 -19"><span class='ocrx_word' id='word_1_150' title='bbox 68 2491 224 2571; x_wconf 66' lang='lat' dir='ltr'>ipacs&#39;priua</span> <span class='ocrx_word' id='word_1_151' title='bbox 242 2501 271 2556; x_wconf 90' lang='lat' dir='ltr'>in</span> <span class='ocrx_word' id='word_1_152' title='bbox 288 2498 520 2555; x_wconf 76' lang='lat' dir='ltr'>administratione</span> <span class='ocrx_word' id='word_1_153' title='bbox 537 2497 596 2552; x_wconf 90' lang='lat' dir='ltr'>eius</span> <span class='ocrx_word' id='word_1_154' title='bbox 613 2498 654 2552; x_wconf 87' lang='lat' dir='ltr'>rei</span> <span class='ocrx_word' id='word_1_155' title='bbox 673 2498 837 2567; x_wconf 85' lang='lat' dir='ltr'>deprehendi</span> <span class='ocrx_word' id='word_1_156' title='bbox 855 2505 882 2553; x_wconf 91' lang='lat' dir='ltr'>et</span> <span class='ocrx_word' id='word_1_157' title='bbox 898 2498 1076 2554; x_wconf 87' lang='lat' dir='ltr'>constantiam</span> <span class='ocrx_word' id='word_1_158' title='bbox 1086 2515 1157 2556; x_wconf 89' lang='lat' dir='ltr'>com·</span> 
     </span>
     <span class='ocr_line' id='line_1_20' title="bbox 70 2583 1156 2663; baseline -0.004 -19"><span class='ocrx_word' id='word_1_159' title='bbox 70 2586 320 2660; x_wconf 78' lang='lat' dir='ltr'>monmdipropriae</span> <span class='ocrx_word' id='word_1_160' title='bbox 339 2584 549 2641; x_wconf 83' lang='lat' dir='ltr'>conversationis</span> <span class='ocrx_word' id='word_1_161' title='bbox 560 2584 720 2640; x_wconf 87' lang='lat' dir='ltr'>auctoritate</span> <span class='ocrx_word' id='word_1_162' title='bbox 738 2585 862 2663; x_wconf 81' lang='lat' dir='ltr'>dirigere,</span> <span class='ocrx_word' id='word_1_163' title='bbox 879 2600 914 2640; x_wconf 93' lang='lat' dir='ltr'>ne</span> <span class='ocrx_word' id='word_1_164' title='bbox 932 2583 1004 2639; x_wconf 88' lang='lat' dir='ltr'>dicta</span> <span class='ocrx_word' id='word_1_165' title='bbox 1020 2583 1100 2641; x_wconf 87' lang='lat' dir='ltr'>factis</span> <span class='ocrx_word' id='word_1_166' title='bbox 1111 2585 1156 2640; x_wconf 93' lang='lat' dir='ltr'>de·</span> 
     </span>
     <span class='ocr_line' id='line_1_21' title="bbox 69 2670 1157 2743; baseline 0 -15"><span class='ocrx_word' id='word_1_167' title='bbox 69 2673 209 2730; x_wconf 75' lang='lat' dir='ltr'>fidentibus</span> <span class='ocrx_word' id='word_1_168' title='bbox 227 2674 396 2730; x_wconf 90' lang='lat' dir='ltr'>erubescant.</span> <span class='ocrx_word' id='word_1_169' title='bbox 418 2710 424 2723; x_wconf 93' lang='lat'><em>.</em></span> <span class='ocrx_word' id='word_1_170' title='bbox 444 2715 450 2728; x_wconf 90' lang='lat'><strong>.</strong></span> <span class='ocrx_word' id='word_1_171' title='bbox 469 2716 475 2727; x_wconf 96' lang='lat'>.</span> <span class='ocrx_word' id='word_1_172' title='bbox 493 2670 589 2740; x_wconf 85' lang='lat' dir='ltr'>ltaque</span> <span class='ocrx_word' id='word_1_173' title='bbox 605 2671 679 2726; x_wconf 80' lang='lat' dir='ltr'>velut</span> <span class='ocrx_word' id='word_1_174' title='bbox 696 2670 820 2726; x_wconf 89' lang='lat' dir='ltr'>solatium</span> <span class='ocrx_word' id='word_1_175' title='bbox 843 2672 895 2726; x_wconf 89' lang='lat' dir='ltr'>erit</span> <span class='ocrx_word' id='word_1_176' title='bbox 911 2670 1050 2739; x_wconf 89' lang='lat' dir='ltr'>disputare</span> <span class='ocrx_word' id='word_1_177' title='bbox 1075 2688 1157 2743; x_wconf 89' lang='lat' dir='ltr'>super</span> 
     </span>
     <span class='ocr_line' id='line_1_22' title="bbox 69 2757 1158 2830; baseline -0.002 -14"><span class='ocrx_word' id='word_1_178' title='bbox 69 2776 97 2816; x_wconf 92' lang='lat' dir='ltr'>eo</span> <span class='ocrx_word' id='word_1_179' title='bbox 112 2761 180 2830; x_wconf 86' lang='lat' dir='ltr'>qnod</span> <span class='ocrx_word' id='word_1_180' title='bbox 196 2760 254 2815; x_wconf 82' lang='lat' dir='ltr'>frui</span> <span class='ocrx_word' id='word_1_181' title='bbox 270 2775 325 2815; x_wconf 88' lang='lat' dir='ltr'>uon</span> <span class='ocrx_word' id='word_1_182' title='bbox 343 2759 436 2824; x_wconf 87' lang='lat' dir='ltr'>datur,</span> <span class='ocrx_word' id='word_1_183' title='bbox 453 2758 510 2814; x_wconf 88' lang='lat' dir='ltr'>rice</span> <span class='ocrx_word' id='word_1_184' title='bbox 527 2758 720 2828; x_wconf 83' lang='lat' dir='ltr'>languentium,</span> <span class='ocrx_word' id='word_1_185' title='bbox 739 2757 794 2827; x_wconf 90' lang='lat' dir='ltr'>qui,</span> <span class='ocrx_word' id='word_1_186' title='bbox 811 2772 871 2811; x_wconf 92' lang='lat' dir='ltr'>cum</span> <span class='ocrx_word' id='word_1_187' title='bbox 888 2764 985 2814; x_wconf 83' lang='lat' dir='ltr'>vacent</span> <span class='ocrx_word' id='word_1_188' title='bbox 1004 2758 1158 2824; x_wconf 86' lang='lat' dir='ltr'>asanitate,</span> 
     </span>
     <span class='ocr_line' id='line_1_23' title="bbox 68 2843 1158 2916; baseline -0.001 -16"><span class='ocrx_word' id='word_1_189' title='bbox 68 2845 98 2900; x_wconf 87' lang='lat' dir='ltr'>de</span> <span class='ocrx_word' id='word_1_190' title='bbox 113 2847 187 2902; x_wconf 88' lang='lat' dir='ltr'>bonis</span> <span class='ocrx_word' id='word_1_191' title='bbox 207 2847 269 2901; x_wconf 88' lang='lat' dir='ltr'>eius</span> <span class='ocrx_word' id='word_1_192' title='bbox 286 2853 377 2900; x_wconf 86' lang='lat' dir='ltr'>tacere</span> <span class='ocrx_word' id='word_1_193' title='bbox 395 2862 449 2901; x_wconf 88' lang='lat' dir='ltr'>non</span> <span class='ocrx_word' id='word_1_194' title='bbox 466 2851 575 2900; x_wconf 87' lang='lat' dir='ltr'>norunt</span> <span class='ocrx_word' id='word_1_195' title='bbox 609 2845 651 2900; x_wconf 89' lang='lat' dir='ltr'>lta</span> <span class='ocrx_word' id='word_1_196' title='bbox 667 2843 835 2899; x_wconf 88' lang='lat' dir='ltr'>miserrimus</span> <span class='ocrx_word' id='word_1_197' title='bbox 859 2859 923 2914; x_wconf 89' lang='lat' dir='ltr'>ego,</span> <span class='ocrx_word' id='word_1_198' title='bbox 947 2859 1053 2915; x_wconf 79' lang='lat' dir='ltr'>semper</span> <span class='ocrx_word' id='word_1_199' title='bbox 1076 2861 1158 2916; x_wconf 86' lang='lat' dir='ltr'>aeger</span> 
     </span>
     <span class='ocr_line' id='line_1_24' title="bbox 68 2930 1156 3001; baseline -0.001 -14"><span class='ocrx_word' id='word_1_200' title='bbox 68 2933 193 2988; x_wconf 77' lang='lat' dir='ltr'>cdcdhus</span> <span class='ocrx_word' id='word_1_201' title='bbox 210 2931 410 3001; x_wconf 86' lang='lat' dir='ltr'>impatientiae,</span> <span class='ocrx_word' id='word_1_202' title='bbox 434 2948 514 3000; x_wconf 87' lang='lat' dir='ltr'>quam</span> <span class='ocrx_word' id='word_1_203' title='bbox 536 2949 588 2987; x_wconf 90' lang='lat' dir='ltr'>non</span> <span class='ocrx_word' id='word_1_204' title='bbox 607 2931 713 2987; x_wconf 90' lang='lat' dir='ltr'>obtineo</span> <span class='ocrx_word' id='word_1_205' title='bbox 731 2930 879 2999; x_wconf 86' lang='lat' dir='ltr'>patientiae</span> <span class='ocrx_word' id='word_1_206' title='bbox 905 2931 1048 2987; x_wconf 70' lang='lat' dir='ltr'>sauimtem</span> <span class='ocrx_word' id='word_1_207' title='bbox 1067 2938 1095 2986; x_wconf 91' lang='lat' dir='ltr'>et</span> <span class='ocrx_word' id='word_1_208' title='bbox 1111 2947 1156 2987; x_wconf 91' lang='lat' dir='ltr'>su·</span> 
     </span>
     <span class='ocr_line' id='line_1_25' title="bbox 69 3017 1157 3086; baseline 0.002 -15"><span class='ocrx_word' id='word_1_209' title='bbox 69 3019 158 3085; x_wconf 84' lang='lat' dir='ltr'>spircm</span> <span class='ocrx_word' id='word_1_210' title='bbox 176 3025 204 3073; x_wconf 88' lang='lat' dir='ltr'>et</span> <span class='ocrx_word' id='word_1_211' title='bbox 220 3017 343 3073; x_wconf 80' lang='lat' dir='ltr'>inuocem</span> <span class='ocrx_word' id='word_1_212' title='bbox 362 3025 390 3073; x_wconf 89' lang='lat' dir='ltr'>et</span> <span class='ocrx_word' id='word_1_213' title='bbox 406 3033 530 3086; x_wconf 89' lang='lat' dir='ltr'>perorem</span> <span class='ocrx_word' id='word_1_214' title='bbox 548 3033 660 3075; x_wconf 89' lang='lat' dir='ltr'>necesse</span> <span class='ocrx_word' id='word_1_215' title='bbox 679 3024 734 3082; x_wconf 90' lang='lat' dir='ltr'>est,</span> <span class='ocrx_word' id='word_1_216' title='bbox 760 3032 820 3072; x_wconf 89' lang='lat' dir='ltr'>cum</span> <span class='ocrx_word' id='word_1_217' title='bbox 837 3018 964 3074; x_wconf 89' lang='lat' dir='ltr'>recordor</span> <span class='ocrx_word' id='word_1_218' title='bbox 988 3024 1015 3073; x_wconf 89' lang='lat' dir='ltr'>et</span> <span class='ocrx_word' id='word_1_219' title='bbox 1032 3018 1060 3073; x_wconf 89' lang='lat' dir='ltr'>in</span> <span class='ocrx_word' id='word_1_220' title='bbox 1080 3033 1157 3074; x_wconf 90' lang='lat' dir='ltr'>meae</span> 
     </span>
     <span class='ocr_line' id='line_1_26' title="bbox 69 3101 1157 3174; baseline 0.001 -18"><span class='ocrx_word' id='word_1_221' title='bbox 69 3101 253 3160; x_wconf 87' lang='lat' dir='ltr'>inbecillitatis</span> <span class='ocrx_word' id='word_1_222' title='bbox 271 3104 494 3174; x_wconf 88' lang='lat' dir='ltr'>contemplatione</span> <span class='ocrx_word' id='word_1_223' title='bbox 513 3104 605 3174; x_wconf 90' lang='lat' dir='ltr'>digero</span> <span class='ocrx_word' id='word_1_224' title='bbox 622 3106 720 3160; x_wconf 91' lang='lat' dir='ltr'>bonam</span> <span class='ocrx_word' id='word_1_225' title='bbox 742 3103 806 3159; x_wconf 84' lang='lat' dir='ltr'>fidei</span> <span class='ocrx_word' id='word_1_226' title='bbox 823 3103 998 3159; x_wconf 84' lang='lat' dir='ltr'>valitudinem</span> <span class='ocrx_word' id='word_1_227' title='bbox 1023 3110 1050 3159; x_wconf 90' lang='lat' dir='ltr'>et</span> <span class='ocrx_word' id='word_1_228' title='bbox 1074 3104 1157 3160; x_wconf 87' lang='lat' dir='ltr'>domi-</span> 
     </span>
     <span class='ocr_line' id='line_1_27' title="bbox 70 3189 1157 3261; baseline 0.001 -17"><span class='ocrx_word' id='word_1_229' title='bbox 70 3189 137 3246; x_wconf 85' lang='lat' dir='ltr'>nicae</span> <span class='ocrx_word' id='word_1_230' title='bbox 154 3190 314 3261; x_wconf 84' lang='lat' dir='ltr'>diseiplinae</span> <span class='ocrx_word' id='word_1_231' title='bbox 332 3190 474 3246; x_wconf 78' lang='lat' dir='ltr'>samtatem</span> <span class='ocrx_word' id='word_1_232' title='bbox 492 3207 545 3247; x_wconf 90' lang='lat' dir='ltr'>non</span> <span class='ocrx_word' id='word_1_233' title='bbox 559 3191 639 3248; x_wconf 83' lang='lat' dir='ltr'>facile</span> <span class='ocrx_word' id='word_1_234' title='bbox 657 3191 791 3260; x_wconf 76' lang='lat' dir='ltr'>amquam,</span> <span class='ocrx_word' id='word_1_235' title='bbox 808 3190 860 3245; x_wconf 86' lang='lat' dir='ltr'>uisi</span> <span class='ocrx_word' id='word_1_236' title='bbox 878 3191 1010 3260; x_wconf 87' lang='lat' dir='ltr'>patientia</span> <span class='ocrx_word' id='word_1_237' title='bbox 1026 3190 1157 3258; x_wconf 87' lang='lat' dir='ltr'>adsideat,</span> 
     </span>
     <span class='ocr_line' id='line_1_28' title="bbox 69 3277 205 3346; baseline 0 -15"><span class='ocrx_word' id='word_1_238' title='bbox 69 3277 205 3346; x_wconf 80' lang='lat' dir='ltr'>provenire.</span> 
     </span>
    </p>

    <p class='ocr_par' dir='ltr' id='par_1_4' title="bbox 70 3363 1158 4386">
     <span class='ocr_line' id='line_1_29' title="bbox 129 3363 1157 3434; baseline 0.001 -17"><span class='ocrx_word' id='word_1_239' title='bbox 129 3366 169 3422; x_wconf 79' lang='lat' dir='ltr'>lll</span> <span class='ocrx_word' id='word_1_240' title='bbox 185 3364 272 3420; x_wconf 89' lang='lat' dir='ltr'>Hilar.</span> <span class='ocrx_word' id='word_1_241' title='bbox 288 3363 390 3422; x_wconf 66' lang='lat' dir='ltr'>Pietas</span> <span class='ocrx_word' id='word_1_242' title='bbox 409 3380 501 3421; x_wconf 91' lang='lat' dir='ltr'>comm.</span> <span class='ocrx_word' id='word_1_243' title='bbox 519 3364 548 3419; x_wconf 92' lang='lat' dir='ltr'>in</span> <span class='ocrx_word' id='word_1_244' title='bbox 565 3364 762 3434; x_wconf 81' lang='lat' dir='ltr'>evangMattla</span> <span class='ocrx_word' id='word_1_245' title='bbox 774 3368 843 3419; x_wconf 67' lang='lat' dir='ltr'>aa:</span> <span class='ocrx_word' id='word_1_246' title='bbox 860 3363 902 3418; x_wconf 92' lang='lat' dir='ltr'>De</span> <span class='ocrx_word' id='word_1_247' title='bbox 920 3365 1049 3421; x_wconf 89' lang='lat' dir='ltr'>orationis</span> <span class='ocrx_word' id='word_1_248' title='bbox 1067 3370 1157 3420; x_wconf 92' lang='lat' dir='ltr'>autem</span> 
     </span>
     <span class='ocr_line' id='line_1_30' title="bbox 71 3449 1158 3521; baseline 0 -14"><span class='ocrx_word' id='word_1_249' title='bbox 71 3451 220 3507; x_wconf 72' lang='lat' dir='ltr'>manenti</span> <span class='ocrx_word' id='word_1_250' title='bbox 238 3450 402 3506; x_wconf 85' lang='lat' dir='ltr'>necessitate</span> <span class='ocrx_word' id='word_1_251' title='bbox 420 3467 469 3508; x_wconf 84' lang='lat' dir='ltr'>nos</span> <span class='ocrx_word' id='word_1_252' title='bbox 487 3451 683 3508; x_wconf 89' lang='lat' dir='ltr'>commentandi</span> <span class='ocrx_word' id='word_1_253' title='bbox 701 3450 850 3521; x_wconf 79' lang='lat' dir='ltr'>Cyprianus</span> <span class='ocrx_word' id='word_1_254' title='bbox 874 3449 915 3505; x_wconf 78' lang='lat' dir='ltr'>vir</span> <span class='ocrx_word' id='word_1_255' title='bbox 931 3458 1042 3507; x_wconf 87' lang='lat' dir='ltr'>sanctae</span> <span class='ocrx_word' id='word_1_256' title='bbox 1060 3466 1158 3507; x_wconf 89' lang='lat' dir='ltr'>memo·</span> 
     </span>
     <span class='ocr_line' id='line_1_31' title="bbox 70 3535 1158 3608; baseline 0.001 -17"><span class='ocrx_word' id='word_1_257' title='bbox 70 3535 119 3591; x_wconf 81' lang='lat' dir='ltr'>riae</span> <span class='ocrx_word' id='word_1_258' title='bbox 139 3536 277 3593; x_wconf 83' lang='lat' dir='ltr'>liberavit:</span> <span class='ocrx_word' id='word_1_259' title='bbox 308 3552 464 3606; x_wconf 86' lang='lat' dir='ltr'>quanquam</span> <span class='ocrx_word' id='word_1_260' title='bbox 494 3544 521 3592; x_wconf 89' lang='lat' dir='ltr'>et</span> <span class='ocrx_word' id='word_1_261' title='bbox 543 3538 727 3593; x_wconf 86' lang='lat' dir='ltr'>Tertullianus</span> <span class='ocrx_word' id='word_1_262' title='bbox 749 3536 813 3593; x_wconf 88' lang='lat' dir='ltr'>hinc</span> <span class='ocrx_word' id='word_1_263' title='bbox 839 3538 963 3593; x_wconf 82' lang='lat' dir='ltr'>volumen</span> <span class='ocrx_word' id='word_1_264' title='bbox 988 3538 1158 3608; x_wconf 89' lang='lat' dir='ltr'>aptissimum</span> 
     </span>
     <span class='ocr_line' id='line_1_32' title="bbox 72 3622 1157 3693; baseline 0.006 -18"><span class='ocrx_word' id='word_1_265' title='bbox 72 3622 204 3691; x_wconf 80' lang='lat' dir='ltr'>scripserit,</span> <span class='ocrx_word' id='word_1_266' title='bbox 222 3622 273 3678; x_wconf 90' lang='lat' dir='ltr'>sed</span> <span class='ocrx_word' id='word_1_267' title='bbox 291 3637 458 3693; x_wconf 88' lang='lat' dir='ltr'>consequens</span> <span class='ocrx_word' id='word_1_268' title='bbox 476 3638 551 3679; x_wconf 88' lang='lat' dir='ltr'>error</span> <span class='ocrx_word' id='word_1_269' title='bbox 568 3623 684 3680; x_wconf 86' lang='lat' dir='ltr'>hominis</span> <span class='ocrx_word' id='word_1_270' title='bbox 702 3625 819 3680; x_wconf 85' lang='lat' dir='ltr'>detraxit</span> <span class='ocrx_word' id='word_1_271' title='bbox 842 3624 950 3693; x_wconf 87' lang='lat' dir='ltr'>scriptis</span> <span class='ocrx_word' id='word_1_272' title='bbox 973 3624 1157 3693; x_wconf 89' lang='lat' dir='ltr'>probahilibus</span> 
     </span>
     <span class='ocr_line' id='line_1_33' title="bbox 71 3708 1157 3782; baseline 0.006 -20"><span class='ocrx_word' id='word_1_273' title='bbox 71 3708 254 3765; x_wconf 74' lang='lat' dir='ltr'>anewritatem.</span> <span class='ocrx_word' id='word_1_274' title='bbox 272 3739 304 3750; x_wconf 91' lang='lat'>-—</span> <span class='ocrx_word' id='word_1_275' title='bbox 323 3708 432 3766; x_wconf 87' lang='lat' dir='ltr'>Hieron.</span> <span class='ocrx_word' id='word_1_276' title='bbox 452 3710 565 3780; x_wconf 86' lang='lat' dir='ltr'>Apolog.</span> <span class='ocrx_word' id='word_1_277' title='bbox 582 3709 739 3768; x_wconf 78' lang='lat' dir='ltr'>adaRufin.</span> <span class='ocrx_word' id='word_1_278' title='bbox 757 3712 803 3766; x_wconf 89' lang='lat' dir='ltr'>III.</span> <span class='ocrx_word' id='word_1_279' title='bbox 822 3727 847 3782; x_wconf 91' lang='lat' dir='ltr'>p.</span> <span class='ocrx_word' id='word_1_280' title='bbox 867 3714 932 3765; x_wconf 79' lang='lat'>463:</span> <span class='ocrx_word' id='word_1_281' title='bbox 949 3711 980 3766; x_wconf 92' lang='lat' dir='ltr'>In</span> <span class='ocrx_word' id='word_1_282' title='bbox 989 3711 1157 3768; x_wconf 86' lang='lat' dir='ltr'>Tertulliano</span> 
     </span>
     <span class='ocr_line' id='line_1_34' title="bbox 72 3792 1157 3869; baseline 0.006 -20"><span class='ocrx_word' id='word_1_283' title='bbox 72 3792 200 3851; x_wconf 75' lang='lat' dir='ltr'>laudamus</span> <span class='ocrx_word' id='word_1_284' title='bbox 224 3796 375 3864; x_wconf 89' lang='lat' dir='ltr'>ingenium,</span> <span class='ocrx_word' id='word_1_285' title='bbox 401 3797 559 3852; x_wconf 88' lang='lat' dir='ltr'>damnamus</span> <span class='ocrx_word' id='word_1_286' title='bbox 582 3797 715 3854; x_wconf 90' lang='lat' dir='ltr'>haeresin.</span> <span class='ocrx_word' id='word_1_287' title='bbox 735 3828 768 3840; x_wconf 89' lang='grc'>-</span> <span class='ocrx_word' id='word_1_288' title='bbox 791 3797 900 3854; x_wconf 87' lang='lat' dir='ltr'>Pacian.</span> <span class='ocrx_word' id='word_1_289' title='bbox 924 3797 1008 3867; x_wconf 91' lang='lat' dir='ltr'>Epist.</span> <span class='ocrx_word' id='word_1_290' title='bbox 1032 3799 1068 3854; x_wconf 92' lang='lat' dir='ltr'>ad</span> <span class='ocrx_word' id='word_1_291' title='bbox 1086 3799 1157 3869; x_wconf 76' lang='lat' dir='ltr'>sym-</span> 
     </span>
     <span class='ocr_line' id='line_1_35' title="bbox 72 3881 1158 3953; baseline 0.003 -17"><span class='ocrx_word' id='word_1_292' title='bbox 72 3881 193 3948; x_wconf 85' lang='lat' dir='ltr'>pronian:</span> <span class='ocrx_word' id='word_1_293' title='bbox 215 3882 401 3939; x_wconf 81' lang='lat' dir='ltr'>Tertullianus</span> <span class='ocrx_word' id='word_1_294' title='bbox 418 3890 479 3953; x_wconf 90' lang='lat' dir='ltr'>post</span> <span class='ocrx_word' id='word_1_295' title='bbox 497 3883 624 3939; x_wconf 90' lang='lat' dir='ltr'>haeresin</span> <span class='ocrx_word' id='word_1_296' title='bbox 643 3890 733 3939; x_wconf 81' lang='lat' dir='ltr'>vester</span> <span class='ocrx_word' id='word_1_297' title='bbox 751 3890 806 3950; x_wconf 86' lang='lat' dir='ltr'>est,</span> <span class='ocrx_word' id='word_1_298' title='bbox 824 3900 887 3940; x_wconf 87' lang='lat' dir='ltr'>nam</span> <span class='ocrx_word' id='word_1_299' title='bbox 904 3885 989 3941; x_wconf 88' lang='lat' dir='ltr'>multa</span> <span class='ocrx_word' id='word_1_300' title='bbox 1006 3884 1069 3940; x_wconf 91' lang='lat' dir='ltr'>inde</span> <span class='ocrx_word' id='word_1_301' title='bbox 1087 3901 1158 3941; x_wconf 88' lang='lat' dir='ltr'>sum·</span> 
     </span>
     <span class='ocr_line' id='line_1_36' title="bbox 73 3968 1158 4041; baseline 0.004 -19"><span class='ocrx_word' id='word_1_302' title='bbox 73 3968 159 4034; x_wconf 80' lang='lat' dir='ltr'>pirus.</span> <span class='ocrx_word' id='word_1_303' title='bbox 193 3970 288 4038; x_wconf 83' lang='lat' dir='ltr'>ipsum</span> <span class='ocrx_word' id='word_1_304' title='bbox 306 3969 421 4040; x_wconf 92' lang='lat' dir='ltr'>epistola</span> <span class='ocrx_word' id='word_1_305' title='bbox 439 3986 503 4037; x_wconf 88' lang='lat' dir='ltr'>sua,</span> <span class='ocrx_word' id='word_1_306' title='bbox 524 3976 551 4024; x_wconf 93' lang='lat' dir='ltr'>et</span> <span class='ocrx_word' id='word_1_307' title='bbox 569 3986 601 4026; x_wconf 89' lang='lat' dir='ltr'>ea</span> <span class='ocrx_word' id='word_1_308' title='bbox 618 3970 679 4041; x_wconf 87' lang='lat' dir='ltr'>ipsa</span> <span class='ocrx_word' id='word_1_309' title='bbox 697 3987 777 4040; x_wconf 92' lang='lat' dir='ltr'>quam</span> <span class='ocrx_word' id='word_1_310' title='bbox 795 3970 935 4027; x_wconf 88' lang='lat' dir='ltr'>catholicis</span> <span class='ocrx_word' id='word_1_311' title='bbox 953 3971 1045 4040; x_wconf 90' lang='lat' dir='ltr'>edidit,</span> <span class='ocrx_word' id='word_1_312' title='bbox 1063 3970 1158 4028; x_wconf 87' lang='lat' dir='ltr'>audies</span> 
     </span>
     <span class='ocr_line' id='line_1_37' title="bbox 73 4052 1155 4125; baseline 0.003 -18"><span class='ocrx_word' id='word_1_313' title='bbox 73 4052 229 4110; x_wconf 63' lang='lat' dir='ltr'>mutantem</span> <span class='ocrx_word' id='word_1_314' title='bbox 246 4070 328 4124; x_wconf 87' lang='lat' dir='ltr'>posse</span> <span class='ocrx_word' id='word_1_315' title='bbox 349 4055 491 4112; x_wconf 87' lang='lat' dir='ltr'>ecclesiam</span> <span class='ocrx_word' id='word_1_316' title='bbox 508 4063 620 4125; x_wconf 88' lang='lat' dir='ltr'>peccata</span> <span class='ocrx_word' id='word_1_317' title='bbox 641 4056 783 4113; x_wconf 89' lang='lat' dir='ltr'>dimittere.</span> <span class='ocrx_word' id='word_1_318' title='bbox 802 4086 835 4099; x_wconf 92' lang='lat'><em>-</em></span> <span class='ocrx_word' id='word_1_319' title='bbox 858 4056 1056 4114; x_wconf 86' lang='lat' dir='ltr'>Praedestinati</span> <span class='ocrx_word' id='word_1_320' title='bbox 1073 4058 1155 4114; x_wconf 81' lang='lat' dir='ltr'>Eser.</span> 
     </span>
     <span class='ocr_line' id='line_1_38' title="bbox 74 4141 1157 4214; baseline 0.008 -23"><span class='ocrx_word' id='word_1_321' title='bbox 74 4142 115 4195; x_wconf 81' lang='lat' dir='ltr'>rt:</span> <span class='ocrx_word' id='word_1_322' title='bbox 130 4141 239 4212; x_wconf 85' lang='lat' dir='ltr'>Scripsit</span> <span class='ocrx_word' id='word_1_323' title='bbox 256 4147 350 4198; x_wconf 68' lang='lat' dir='ltr'>conus</span> <span class='ocrx_word' id='word_1_324' title='bbox 367 4142 624 4213; x_wconf 83' lang='lat' dir='ltr'>ecs(hdoutauistas)</span> <span class='ocrx_word' id='word_1_325' title='bbox 642 4142 739 4199; x_wconf 89' lang='lat' dir='ltr'>librum</span> <span class='ocrx_word' id='word_1_326' title='bbox 758 4149 869 4199; x_wconf 85' lang='lat' dir='ltr'>sanctus</span> <span class='ocrx_word' id='word_1_327' title='bbox 880 4143 965 4209; x_wconf 85' lang='lat' dir='ltr'>Soter,</span> <span class='ocrx_word' id='word_1_328' title='bbox 985 4145 1061 4214; x_wconf 90' lang='lat' dir='ltr'>Papa</span> <span class='ocrx_word' id='word_1_329' title='bbox 1075 4145 1157 4210; x_wconf 85' lang='lat' dir='ltr'>urbis,</span> 
     </span>
     <span class='ocr_line' id='line_1_39' title="bbox 75 4226 1157 4302; baseline 0.007 -23"><span class='ocrx_word' id='word_1_330' title='bbox 75 4226 282 4297; x_wconf 72' lang='lat' dir='ltr'>ttdpollonins,</span> <span class='ocrx_word' id='word_1_331' title='bbox 305 4226 484 4297; x_wconf 81' lang='lat' dir='ltr'>Ephesiorum</span> <span class='ocrx_word' id='word_1_332' title='bbox 508 4229 629 4285; x_wconf 88' lang='lat' dir='ltr'>antistes.</span> <span class='ocrx_word' id='word_1_333' title='bbox 671 4230 772 4287; x_wconf 84' lang='lat' dir='ltr'>Contra</span> <span class='ocrx_word' id='word_1_334' title='bbox 796 4246 863 4299; x_wconf 89' lang='lat' dir='ltr'>quos</span> <span class='ocrx_word' id='word_1_335' title='bbox 888 4230 997 4302; x_wconf 86' lang='lat' dir='ltr'>scripsit</span> <span class='ocrx_word' id='word_1_336' title='bbox 1013 4230 1157 4287; x_wconf 85' lang='lat' dir='ltr'>Tertullia-</span> 
     </span>
     <span class='ocr_line' id='line_1_40' title="bbox 77 4313 1157 4386; baseline 0.002 -17"><span class='ocrx_word' id='word_1_337' title='bbox 77 4324 128 4379; x_wconf 71' lang='lat' dir='ltr'>nus,</span> <span class='ocrx_word' id='word_1_338' title='bbox 150 4316 291 4386; x_wconf 81' lang='lat' dir='ltr'>presbyter</span> <span class='ocrx_word' id='word_1_339' title='bbox 314 4313 555 4384; x_wconf 81' lang='lat' dir='ltr'>Carthaginiensis:</span> <span class='ocrx_word' id='word_1_340' title='bbox 580 4317 626 4386; x_wconf 89' lang='lat' dir='ltr'>qui</span> <span class='ocrx_word' id='word_1_341' title='bbox 650 4332 711 4374; x_wconf 88' lang='lat' dir='ltr'>cum</span> <span class='ocrx_word' id='word_1_342' title='bbox 728 4316 818 4373; x_wconf 90' lang='lat' dir='ltr'>omnia</span> <span class='ocrx_word' id='word_1_343' title='bbox 834 4319 903 4374; x_wconf 87' lang='lat' dir='ltr'>bene</span> <span class='ocrx_word' id='word_1_344' title='bbox 920 4323 948 4373; x_wconf 87' lang='lat' dir='ltr'>et</span> <span class='ocrx_word' id='word_1_345' title='bbox 963 4316 1052 4386; x_wconf 88' lang='lat' dir='ltr'>prime</span> <span class='ocrx_word' id='word_1_346' title='bbox 1072 4322 1100 4373; x_wconf 87' lang='lat' dir='ltr'>et</span> <span class='ocrx_word' id='word_1_347' title='bbox 1116 4316 1157 4371; x_wconf 92' lang='lat' dir='ltr'>iu-</span> 
     </span>
    </p>
   </div>
   <div class='ocr_carea' id='block_1_4' title="bbox 0 0 1449 5262">
    <p class='ocr_par' dir='ltr' id='par_1_5' title="bbox 0 0 1449 5262">
     <span class='ocr_line' id='line_1_41' title="bbox 0 0 1449 5262; baseline 0 0"><span class='ocrx_word' id='word_1_348' title='bbox 0 0 1449 5262; x_wconf 95' lang='lat' dir='ltr'> </span> 
     </span>
    </p>
   </div>
  </div>
 </body>
</html>
