2874 5262
484 488 527 502 ...
571 454 611 517 59
655 489 695 502 ..
930 446 1036 518 [Matth.
1055 446 1101 514 111,
1121 451 1144 502 3.

526 642 661 707 quarum
671 619 775 686 altera
783 640 855 685 oum
863 618 1019 702 suffragio
1034 639 1143 684 ocour·

524 729 599 775 rens
614 705 834 773 testimonium
850 706 878 770 ei
895 704 1003 790 potuit
1017 702 1142 784 offerre,

458 846 460 849 -
525 795 629 861 altera
656 813 714 877 pro
743 793 814 875 ipso
840 791 1002 857 trucidata
1032 791 1143 872 utique

422 940 428 951 .
524 882 587 945 vim
609 877 718 946 sensit.
763 877 868 943 Anim.
892 898 919 942 o.
944 882 992 943 19.
1038 880 1142 941 ,253

570 968 703 1030 16-18,
726 962 842 1029 Melior
868 963 911 1029 sit
937 968 970 1027 et
1025 961 1141 1040 orodes,

525 1073 564 1116 ne
601 1051 783 1117 Hieremias
826 1047 981 1133 glorietur
1017 1048 1141 1132 [Ierem.

526 1143 579 1219 31,
623 1141 684 1216 15].
737 1134 831 1200 Caro.
861 1157 888 1201 o.
919 1140 945 1203 2.
972 1139 1098 1218 poll.

568 1227 617 1288 22.
642 1226 691 1287 23.
715 1223 906 1287 Nazaraeas
924 1222 1031 1287 oooom'
1045 1219 1143 1285 habe-

523 1307 767 1375 batsecundum
804 1307 986 1391 rophetiam
996 1305 1142 1371 Christus

523 1395 686 1460 creatoris.
726 1328 819 1460 Unde
853 1399 886 1458 et
915 1393 987 1477 ipso
1015 1391 1142 1458 nomine

521 1480 699 1546 nosludaei
710 1479 894 1546 Nazaraeos
909 1500 950 1563 ap
976 1478 1077 1544 ellant
1108 1498 1143 1542 er

523 1587 603 1631 eum.
646 1566 729 1632 Nam
750 1569 783 1631 et
804 1586 912 1630 sumus
943 1501 983 1630 de
1025 1499 1141 1648 quidus

522 1638 751 1736 scriptumest
779 1650 906 1732 [Thren.
937 1656 970 1731 4,
994 1648 1041 1747 7]3
1070 1648 1141 1734 ‘Na-

523 1738 630 1803 zaraei
652 1735 794 1803 exalbati
809 1742 882 1802 sunt
901 1757 996 1835 super
1010 1735 1141 1817 orvem';

523 1825 578 1907 qui
609 1823 733 1888 scilieet
763 1826 850 1887 retro
884 1822 1014 1888 luridati
1040 1820 1140 1886 delin-

522 1908 673 1993 quentiae
683 1908 815 1973 maculis
824 1908 982 1992 etnigrati
990 1908 1140 1991 ignorau-

521 1996 584 2061 tiae
599 1993 751 2061 tenebris.
774 1993 900 2060 Christo
912 1999 1021 2060 autem
1033 1992 1140 2076 appel·

519 2080 597 2151 latio
633 2080 798 2147 Nazaraei
826 2080 1038 2164 competitura
1071 2083 1140 2144 erat

520 2174 560 2231 e'x
578 2165 735 2232 infantiae
748 2165 892 2247 latebris,
908 2165 951 2232 ad
962 2186 1042 2248 quas
1051 2164 1140 2248 apud

523 2250 1140 2333 Nazarethdesoenditvitandorlroloe·

521 2338 621 2419 laum,
652 2336 750 2403 filium
777 2337 923 2404 Herodis.
967 2337 1064 2403 Mare.
1084 2336 1138 2403 IV.

521 2445 547 2489 e.
571 2429 600 2489 8.
621 2445 652 2508 p.
677 2429 748 2489 203.

427 2714 504 2800 Gap.
525 2714 583 2784 111.

77 2850 103 2911 2.
118 2847 193 2914 Non
221 2853 310 2914 tacet
343 2851 492 2919 Ioannes:
562 2859 591 2917 2.
614 2852 650 2917 In
674 2851 796 2918 Graeco
825 2873 904 2917 sono
924 2854 1138 2935 paenitentiae

43 2931 272 3001 Paenitentiam
299 2937 422 3019 inmota,
446 2939 494 3006 di·
519 2959 636 3004 nomen
657 2959 721 3004 non
751 2959 791 3003 ex
804 2937 912 3003 delicti
927 2936 1137 3018 confessione,

40 3023 195 3086 ceuszs'om
204 3022 492 3092 enimaolasaotr‘o·
519 3025 575 3090 sed
590 3047 630 3090 ex
652 3024 750 3088 animi
773 3023 992 3089 demutatione
1009 3045 1138 3108 compo·

38 3104 491 3258 ffimgprmffmmpae'
518 3110 678 3177 situmest.
693 3109 793 3176 Maro.
829 3109 870 3174 11.
894 3130 919 3175 o.
944 3115 993 3175 24.
1016 3130 1047 3195 p.
1065 3115 1135 3176 109.

82 3213 128 3257 .c.
172 3215 237 3277 .p.
303 3243 310 3258 .

560 3321 588 3380 3.
609 3313 661 3380 Sic
682 3314 767 3380 enim
787 3314 925 3380 Ioannes
947 3321 1023 3382 aute
1044 3334 1136 3398 prae-

517 3421 629 3465 cursor
674 3400 793 3466 domini
828 3399 903 3481 fuit,
934 3423 1137 3484 praeperans

515 3488 585 3552 aios
614 3489 690 3553 eius.
735 3487 829 3571 Bapt
857 3507 883 3551 o.
908 3493 936 3552 6.
959 3509 989 3572 p.
1016 3491 1085 3553 192.

377 3598 381 3603 ·
600 3571 686 3637 Nihil
717 3573 846 3639 omnino
880 3573 1137 3640 administrasset

514 3656 669 3739 Ioannes,
698 3658 872 3725 secundum
901 3659 1037 3725 Esaiam
1059 3660 1135 3746 [Ios.

515 3748 574 3824 40,
596 3744 628 3829 3]
656 3746 842 3829 oostferator
872 3747 908 3811 im
935 3746 1138 3813 solitudinem

516 3833 548 3894 et
554 3833 901 3913 praeparatoroioram
910 3832 1138 3898 dorniaiearam

515 3935 574 3998 per
589 3915 866 3982 denuntiationem
874 3922 908 3983 et
915 3917 1136 3984 laudationem

515 4002 851 4084 paenitentiaeMaro.
865 4003 918 4069 IV.
927 4025 955 4068 o.
966 4010 1014 4071 ll.
1023 4026 1054 4089 p.
1063 4009 1134 4071 219.

600 4087 738 4154 Ioannes
767 4094 955 4155 antecursor
984 4097 1017 4155 et
1040 4112 1135 4174 proe-

508 4180 646 4256 parator
668 4174 850 4241 ostenditur
868 4178 993 4242 viarum
1008 4176 1134 4245 domimi.

517 4259 616 4325 Maro.
638 4260 691 4326 IV.
714 4282 740 4326 o.
765 4265 814 4327 33.
836 4282 867 4345 p.
891 4266 965 4328 323.
