3290 5266
565 544 608 556 ..
652 512 711 573 211
755 542 799 556 .-
950 506 1024 578 [Itur
1041 506 1099 573 XV,
1117 507 1228 563 11-32.

457 676 460 681 ’
496 692 497 695 ’
618 699 690 743 cum
712 680 1156 745 saturitatemerceaam'orrca
1168 698 1227 764 pc·

616 770 775 831 ternorum
817 780 1005 848 compares,
1051 765 1079 829 si
1117 784 1228 849 porcos

359 880 363 897 ·
477 849 506 887 ‘³
615 850 814 915 immundum
848 849 1014 934 relinquas
1051 870 1164 933 pecus,
1200 849 1228 913 si

614 942 739 1085 patrem
759 943 885 1022 repetas
902 936 954 1001 vel
966 934 1138 1001 offensum:
1162 934 1227 1001 De-

628 1023 705 1107 iqaa',
729 1021 836 1087 dicens
857 1060 903 1074 -
923 1022 1021 1087 Pacu.
1043 1042 1069 1086 c.
1081 1025 1110 1088 8.
1133 1044 1163 1104 p.
1176 1025 1226 1084 58.

183 1113 229 1174 m.
273 1107 426 1192 Detiqat„
471 1106 588 1188 fficens,

140 1201 231 1276 pater,
244 1214 301 1260 aec
319 1195 436 1280 dionae
456 1214 510 1280 ayo
524 1195 590 1259 tam

145 1282 240 1345 accan
267 1286 351 1346 tarsa.
395 1279 491 1346 Pacu.
514 1282 588 1344 a&

145 1384 162 1447 Ρ
703 1446 799 1513 Circa
842 1449 983 1531 filiorrca
1019 1495 1060 1516 ..
1093 1447 1227 1513 duorum

613 1532 813 1615 parabolam.
866 1533 976 1599 Pudic.
999 1554 1026 1598 c.
1049 1539 1077 1599 8.
1101 1556 1134 1617 p.
1153 1538 1224 1602 384.

562 1641 564 1644 ⁴
654 1672 659 1679 .
698 1618 791 1684 Nunc
806 1619 847 1685 de
861 1620 930 1702 filio
938 1620 1073 1705 predico
1086 1619 1122 1685 id
1136 1621 1225 1704 prius

613 1703 880 1771 considerandum
915 1710 965 1771 est
1002 1704 1089 1788 quod
1116 1705 1226 1770 utilius

708 1789 743 1855 Si
765 1789 964 1857 Christianus
986 1797 1036 1856 est
1058 1793 1113 1874 qui
1134 1812 1225 1857 acee-

612 1882 703 1960 ptam
734 1897 757 1941 a
788 1876 848 1942 deo
879 1883 974 1960 patre
1007 1879 1224 1958 substantiam,

614 1963 724 2046 utique
752 1962 971 2047 baptismatis,
999 1964 1111 2047 utique
1132 1964 1226 2048 apiri-
1314 1970 1318 1977 '

612 2052 665 2113 tus
694 2050 800 2114 sancti
828 2055 862 2114 et
889 2048 1004 2114 exinde
1032 2050 1101 2133 spei
1123 2054 1226 2115 aeter-

612 2144 683 2214 n'ae,
704 2133 758 2199 lon
782 2154 800 2199 e
821 2139 972 2219 evagatos
994 2155 1014 2201 a
1037 2141 1133 2219 patre
1148 2156 1224 2218 pro-

613 2219 693 2304 aar
730 2154 856 2287 etbnice
887 2222 1010 2302 vivens,
1049 2221 1077 2286 si
1113 2214 1224 2288 actae

614 2304 702 2372 bortis
728 2307 845 2372 mentis
873 2307 971 2372 etiam
993 2307 1132 2391 principi
1154 2329 1224 2373 sae·

614 2390 676 2456 culi
713 2391 779 2475 (cui
808 2392 904 2457 ²⁰alii
932 2414 1029 2476 quam
1057 2392 1223 2479 diabolol)

613 2478 773 2543 scribam
794 2499 887 2543 suurn
909 2479 1043 2544 tradidit
1065 2485 1098 2544 et
1120 2480 1162 2546 ab
1185 2499 1223 2544 eo

608 2562 716 2645 potoris
735 2564 880 2642 dardis,
908 2564 1079 2629 immundis
1100 2565 1225 2631 scilicet

614 2647 777 2732 spiritibus
814 2651 978 2730 curandis,
1022 2651 1223 2734 praepositus

613 2735 746 2816 resipuit
774 2736 819 2801 ad
839 2743 966 2818 patrem
993 2739 1121 2818 reverti,
1159 2738 1224 2805 iam

615 2819 720 2886 ”non
747 2822 873 2887 moechi
899 2827 931 2887 et
951 2820 1129 2904 fornicarii,
1167 2822 1225 2888 sed

614 2904 805 2972 idololatrae
826 2912 859 2971 et
878 2907 1058 2991 blasphemi
1079 2914 1111 2974 et
1128 2930 1225 2992 nega·

612 2996 700 3056 tores
722 2998 756 3058 et
776 3013 869 3059 omne
890 2998 1110 3078 apostatarum
1125 3016 1225 3079 genus

615 3077 717 3143 ¹²hac
737 3079 894 3162 parabola
913 3081 1000 3164 patri
1014 3080 1222 3160 satisfacient,

615 3168 648 3228 et
676 3163 757 3230 elisa
784 3170 835 3230 eet
855 3166 1018 3230 verissime
1039 3166 1100 3231 hoc
1121 3167 1223 3250 magis

499 3308 502 3317 ,
614 3250 709 3315 modo
731 3255 803 3316 tota
822 3252 1000 3317 substantia
1021 3253 1224 3318 sacramenti.

615 3333 694 3411 Quis
716 3337 801 3401 enim
820 3336 948 3402 timebit
955 3338 1122 3423 accipere
1137 3338 1225 3422 quod
1301 3392 1305 3397 .

614 3419 749 3487 habebit
771 3428 885 3507 postea
905 3425 1121 3507 recuperare?
1144 3425 1223 3502 Quis

614 3507 741 3573 curabit
760 3513 916 3592 perpetuo
935 3529 1123 3575 conservare
1138 3509 1225 3593 quod

613 3612 678 3658 uon
713 3600 866 3678 perpetuo
900 3596 1021 3678 poterit
1055 3596 1224 3660 amittere?

614 3677 779 3745 Securitas
804 3679 912 3745 delicti
934 3680 1031 3746 etiam
1052 3681 1153 3748 libido
1176 3686 1225 3747 est

613 3764 693 3831 eius.
736 3765 951 3849 Recuperabit
972 3767 1071 3850 igitur
1093 3773 1126 3831 et
1148 3788 1225 3851 apo-

614 3855 700 3915 stata
725 3859 838 3919 aretem
866 3852 1022 3936 priorem,
1059 3853 1224 3920 rocama-

613 3941 680 4001 tum
694 3936 825 4020 spiritus
841 3938 951 4019 sancti,
975 3944 1008 4003 et
1029 3939 1224 4005 ”abactam

613 4020 718 4088 denuo
740 4023 937 4107 signaculum
952 4023 1085 4106 lavacri,
1109 4031 1142 4089 et
1155 4047 1225 4090 rur·

135 4145 336 4158 *nn——

195 4233 244 4299 ro)
268 4231 292 4285 1.
312 4233 372 4285 ero.
393 4232 537 4309 camma
554 4231 643 4282 aava
660 4226 746 4297 aaa
762 4207 799 4270 -’-
832 4231 875 4298 21)
896 4248 956 4284 aa
971 4234 1069 4285 aaa·
1087 4239 1108 4283 a
1123 4235 1224 4295 saara

135 4304 192 4353 aaa
209 4310 231 4354 et
247 4299 337 4371 Gagn.
356 4329 383 4339 -
423 4300 468 4368 22)
485 4302 543 4353 aaa
558 4301 691 4365 parabolam
707 4296 792 4369 (lagu.
814 4329 848 4339 -
882 4301 929 4369 23)
947 4304 1040 4353 anam
1057 4300 1141 4369 (tagra
1187 4367 1189 4371 ¹

964 4385 1025 4453 14*
