2814 5264
460 470 503 482 ..
549 437 608 498 145
650 470 695 483 ...
973 430 1026 500 [Me
1051 429 1071 485 Ι.
1091 430 1124 485 11.

231 614 503 698 evangelium
525 613 700 679 secundum
720 610 924 680 Marcum.

135 741 309 808 Tertullien
331 742 476 808 erwiihnt
497 742 556 808 das
571 740 781 825 Evangelium
803 738 859 805 des
876 739 1013 806 Marcus
1024 740 1123 805 Marc.

45 845 88 911 IV.
109 866 133 911 0
156 850 185 910 2.
208 868 239 930 p.
262 851 321 911 187
332 870 338 909 :
377 845 478 911 Nobis
513 845 649 910 fidem..
674 866 713 909 ex
741 842 928 927 apostolicis
956 842 1060 909 Lucas
1092 847 1125 909 et

45 948 167 1013 11030303
187 949 380 1015 instaurant.
423 969 448 1014 0.
472 954 502 1014 5.
521 970 552 1031 p.
571 954 648 1014 194:
672 997 700 1011 ..
728 945 804 1010 licet
825 950 859 1011 et
881 945 1018 1015 Marcus
1040 945 1125 1028 quod

42 1051 132 1117 edidit
152 1051 395 1138 (evangelium),
417 1050 504 1116 Petri
524 1051 712 1129 affirmetur,
736 1049 826 1114 euius
848 1050 1006 1133 interpres
1030 1049 1124 1114 Mar-

42 1174 98 1221 303.
120 1192 161 1203 -
188 1155 268 1221 Eine
289 1153 523 1237 anderweitige,
547 1151 801 1219 ausfdhrlichere
822 1150 1025 1236 Erwihnung
1048 1154 1126 1219 oder

40 1256 258 1340 Bespreehung
279 1256 382 1321 dieses
404 1256 650 1339 evangelisehen
671 1256 837 1321 Berichtes
859 1255 960 1320 findet
982 1256 1051 1321 sich
1073 1256 1126 1321 bei

41 1358 223 1441 Tertullian,
261 1360 318 1425 der
345 1358 400 1424 ihn
429 1358 504 1423 weit
532 1358 672 1424 seltener
699 1358 802 1439 eitirt,
838 1357 887 1423 als
910 1358 963 1423 die
985 1358 1126 1424 anderen

39 1461 239 1546 Evangelien‚
260 1463 358 1528 nicht.

467 1615 546 1700 Cap.
567 1615 591 1681 I.

76 1759 103 1821 2.
124 1753 187 1821 Per
209 1753 399 1840 prophetam
421 1756 487 1840 spi·

37 1841 111 1906 ritus
119 1841 488 1925 dicensexpersonapa-

38 1928 104 1992 tris:
126 1927 219 2009 Eece,
241 1929 329 1993 mitio
342 1927 488 2013 00931000
528 1950 532 1959 ’

36 2035 130 2079 meum
159 2020 235 2081 0013
259 2015 373 2097 faeiem
400 2020 489 2080 10000

37 2149 61 2163 ..
85 2103 139 2183 qui
170 2100 378 2187 praeparabit
404 2102 489 2166 eiam

35 2190 115 2252 tuam
144 2193 220 2253 anie
240 2194 277 2253 te.
320 2184 388 2252 Iud.
412 2206 439 2252 0.
458 2190 487 2250 9.

35 2292 62 2353 p.
83 2278 155 2339 309.

73 2363 122 2427 24.
144 2359 218 2424 Hoc
235 2364 267 2423 et
282 2357 491 2424 ..daemonia

34 2444 236 2511 confitentur:
281 2441 405 2510 80100003
436 2444 491 2525 qui

33 2533 88 2612 303,
121 2532 215 2614 filius
243 2531 302 2595 dei.
343 2530 439 2595 Prax.
463 2548 490 2595 0.

36 2620 234 2702 nene

560 2701 608 2761 35.
640 2696 714 2777 Ipse
751 2693 898 2760 dominus
931 2698 968 2761 in
1003 2716 1125 2762 3333330

515 2779 714 2864 frequentius
755 2779 887 2863 agebat,
924 2786 961 2845 ut
995 2781 1126 2849 liberius

515 2875 627 2934 oraret.
671 2866 766 2932 Mart.
789 2887 814 2931 0.
837 2871 866 2930 2.
890 2888 920 2951 p.
944 2872 993 2932 68.

472 3090 548 3174 Cap.
571 3089 611 3154 Π.

72 3214 99 3272 7.
136 3207 219 3290 Quis
253 3207 336 3271 enim
362 3203 506 3305 dimittit.
560 3204 589 3269 7.
612 3200 722 3283 Neque
741 3207 903 3285 peceatum
925 3201 1053 3267 dimittit
1073 3223 1127 3268 ne·

31 3293 159 3374 deliria,
198 3294 235 3358 ni
272 3291 359 3357 30103
391 3289 490 3356 deus?
518 3308 579 3370 que
612 3286 760 3370 spiritum
790 3286 937 3369 indulget
961 3290 1027 3352 nisi
1051 3288 1128 3354 deus

31 3379 265 3446 0010011.
289 3400 321 3462 p.
344 3380 417 3441 430.
517 3373 614 3439 solus.
656 3372 750 3455 Bapi.
774 3392 800 3437 c.
825 3377 874 3440 10.
893 3394 923 3456 p.
949 3376 1019 3439 196.

608 3459 687 3541 Quis
722 3463 825 3524 auten
856 3463 985 3541 poterat
1010 3459 1127 3525 000003

518 3544 654 3611 delicta?
688 3543 750 3609 hoc
783 3544 884 3609 solius
915 3544 1040 3629 ¹ipsius
1067 3548 1125 3610 est.

517 3631 625 3695 Pudic.
648 3650 674 3694 0.
699 3634 750 3695 21.
770 3650 802 3713 p.
824 3634 897 3695 430.

602 3715 701 3782 Nos..
721 3716 823 3782 solem
841 3715 1005 3781 dominum
1018 3714 1129 3780 memi-

517 3802 621 3867 nimus
653 3801 766 3867 delieta
793 3801 964 3869 concedere.
1015 3800 1126 3866 Pudie.

518 3910 545 3954 0.
570 3893 598 3953 3.
620 3909 652 3971 p.
677 3892 746 3953 372.

564 3978 613 4039 15.
641 3973 753 4039 Ille..
783 3971 992 4058 prandiorum
1020 3975 1054 4037 et
1078 3991 1129 4038 00-

518 4081 632 4126 narum
663 4081 732 4124 cum
758 4059 939 4145 publicanis
968 4062 1002 4123 et
1021 4078 1129 4144 peeca-

31 4184 239 4198 ......----

100 4238 126 4299 1)
145 4233 168 4288 1.
187 4234 246 4288 842.
265 4235 360 4303 spiritur
377 4229 561 4290 30110ῐί1ιί111.

72 4336 230 4401 anusch,
247 4336 305 4392 Dae
321 4336 353 4393 N.
372 4335 403 4392 T.
422 4333 602 4390 Tertullian’e.
893 4317 931 4377 10
