2744 5260
407 548 446 563 -
489 515 552 578 383
594 546 639 561 .-
824 512 848 581 [1
869 509 1004 576 ConvlL
1022 510 1063 567 31.
1093 544 1097 549 »

29 684 166 753 domine.
189 684 315 769 Menog.
336 704 365 751 c
382 689 431 752 11.
457 681 578 748 nubere
599 681 769 748 iubentem.
814 682 886 750 Cor.
908 703 935 750 c.
961 687 1008 747 13.
1032 703 1063 766 p.

12 904 57 921 ..
98 856 258 923 adiciens:
309 854 433 921 Mulier
541 852 626 918 Ut..
651 856 687 920 in
707 854 871 920 emmeno
891 853 993 919 nubas
1013 872 1063 918 se-

1 946 78 1008 ncta
106 949 153 1009 est
180 941 331 1026 quamdiu
357 943 433 1007 civit
456 937 595 1004 eundum
619 939 759 1023 ⁸⁰legem
781 945 814 1005 et
835 939 1065 1023 apostolum...

51 1030 140 1106 etum
175 1031 205 1094 si
230 1034 334 1093 autern
361 1027 432 1093 der-
458 1023 584 1108 Monog.
606 1046 633 1092 c.
658 1029 707 1091 11.
728 1048 760 1109 p.
784 1029 854 1090 156.

4 1115 84 1194 'er-it,
108 1114 208 1180 libera
228 1120 288 1195 est;
310 1115 362 1178 eui
381 1133 432 1178 ve
543 1110 686 1176 Sciamus
714 1113 809 1196 piene
836 1131 901 1176 non
926 1110 973 1175 sic
994 1129 1065 1174 esse

32 1199 152 1265 subm:
179 1205 302 1265 tantum
322 1200 357 1264 in
378 1197 432 1263 do-
457 1194 491 1258 in
518 1194 641 1261 Greeeo
671 1197 869 1277 authentico,
905 1194 1065 1279 quomodo

41 1314 64 1348 a.
116 1283 245 1369 Monog.
271 1304 299 1351 c.
324 1287 372 1349 11.
400 1305 430 1369 p.
455 1280 490 1343 in
511 1302 604 1347 usum
635 1283 827 1366 ⁸¹exiit-per
849 1282 984 1348 duarum
1004 1279 1067 1365 syl·

0 1375 41 1436 ·9.
457 1364 605 1432 labarum
627 1373 683 1433 eut
703 1369 853 1435 callidem
873 1373 931 1433 eut
945 1366 1066 1451 simpli·

456 1471 524 1516 cem
548 1454 759 1520 eversionem:
783 1454 822 1521 Si
844 1454 980 1519 flantem
994 1453 1065 1518 der·

456 1539 561 1603 tremit
587 1542 637 1604 cir
666 1544 750 1619 cium
784 1541 876 1624 quasi
898 1537 1065 1604 defuturo

456 1628 565 1704 sonet,
602 1645 640 1689 ee
673 1646 732 1708 per
758 1626 819 1691 hoe
848 1624 995 1691 videatur
1023 1622 1065 1688 sd

456 1728 528 1773 eam
557 1711 718 1794 pertinere
748 1732 831 1795 quse
860 1711 925 1775 iem
947 1709 981 1773 in
1001 1708 1066 1774 fide

456 1795 558 1859 virum
587 1797 739 1862 amiserit
789 1797 860 1863 Hoc
889 1794 1017 1879 quidem
1038 1794 1066 1857 si

454 1879 503 1944 its
534 1881 674 1962 ”esset
707 1883 741 1948 in
767 1881 927 1948 infinitum
950 1880 1066 1945 emisse

455 1964 584 2032 lieentia
627 1969 746 2033 totiens
789 1969 889 2033 virum
925 1964 1066 2033 dedisset

455 2054 605 2134 quotiens
627 2055 763 2120 emissus
785 2058 886 2133 esset,
910 2052 979 2118 sine
997 2049 1063 2116 ullo
1135 2118 1140 2129 .

455 2137 578 2219 pudere
617 2139 758 2205 nubendi
793 2140 891 2205 etiam
928 2136 1065 2202 ethnicis

458 2222 706 2307 “oongmentez
728 2226 785 2290 sed
802 2227 833 2267 ⁸⁸
841 2224 902 2290 etsi
912 2225 960 2288 ite
970 2226 1063 2301 esset,

457 2309 550 2391 qussi
571 2310 612 2375 de
629 2309 747 2393 futuro,
772 2310 811 2377 Si
825 2311 914 2375 cuius
928 2311 1065 2375 meritus

455 2397 727 2479 mansuefaceret,
750 2397 940 2461 tantundem
963 2400 997 2459 et
1017 2393 1065 2458 fu·

456 2483 563 2544 turum
598 2482 640 2546 ed
674 2502 745 2547 eam
771 2483 948 2566 pertineret
977 2479 1064 2545 cuius

457 2571 533 2629 ente
579 2565 675 2632 fidem
722 2568 876 2632 morietur
921 2565 1063 2629 maritus.

458 2648 600 2728 ”Quem
621 2653 668 2718 vis
690 2654 816 2737 accipe,
839 2652 914 2718 dum
936 2656 1066 2717 caetera

457 2756 521 2801 non
550 2743 684 2803 evertas.
734 2738 817 2804 Nam
847 2758 918 2803 cum
947 2743 978 2802 et
1008 2736 1065 2800 ille

457 2823 637 2889 sententiae
665 2823 782 2890 cedent
804 2829 845 2905 [7‚
858 2828 908 2888 11.
925 2827 974 2886 18.
989 2821 1063 2906 21],

456 2908 537 2973 setis
558 2908 761 2976 menifestum
779 2917 837 2990 est
860 2910 902 2975 ed
918 2928 971 2974 ens
986 2906 1066 2972 haec

457 2994 617 3075 pertinere
644 2997 700 3079 qui
726 2997 760 3061 in
789 3016 873 3062 nove
892 3000 925 3060 et
944 2992 1065 3061 recenti

457 3080 625 3147 vocatione
654 3083 822 3148 constituti
850 3081 890 3146 de
916 3079 965 3145 his
992 3099 1066 3145 con·

457 3164 608 3233 sulebsnt
627 3167 662 3232 in
683 3168 799 3251 quibus
820 3188 841 3232 a
861 3166 924 3232 fide
938 3164 1067 3231 fuerant

367 3298 372 3307 .
458 3249 658 3334 deprehensi.
724 3252 851 3337 Monog.
887 3272 914 3318 e.
951 3256 999 3317 11.
1033 3270 1064 3334 p.

461 3340 520 3403 169
535 3358 583 3421 sq.

541 3423 590 3488 Ne
605 3424 639 3488 in
652 3423 802 3490 nubendo
818 3423 947 3508 quidem
963 3424 1066 3489 ⁸⁷rur·

458 3526 528 3573 sum
548 3508 738 3594 disciplinae
757 3511 939 3577 meminisse
961 3510 1067 3576 volue-

457 3598 547 3673 runt,
577 3600 616 3659 nt
646 3598 682 3662 in
716 3597 840 3662 dmnino
867 3596 1066 3681 potissimum

457 3679 617 3746 submersi.
659 3682 719 3748 Ux.
740 3682 782 3747 11.
806 3703 831 3750 c.
856 3688 884 3750 1.
906 3703 937 3766 p.
960 3687 1010 3748 87.

8 3857 181 3870 ...μ

31 3962 79 4027 29)
106 3955 130 4011 1
150 3956 209 4011 777.
233 3954 373 4021 cedmon
390 3954 412 4011 L
429 3954 513 4025 (degn.
531 3954 624 4015 Gelen.
646 3988 681 3999 -
715 3958 763 4026 30)
788 3961 858 4026 iopen
875 3972 926 4013 em.
943 3955 1028 4011 Rhen.
1045 3956 1067 4011 L

9 4046 48 4099 gn
73 4025 174 4083 (delen.
198 4052 229 4063 -
269 4024 432 4090 31)L'18⁰.
457 4029 527 4093 enipis
551 4025 673 4081 Rheni
697 4058 731 4067 -
765 4028 812 4097 32)
835 4034 910 4080 estem
926 4042 977 4081 om.
994 4024 1066 4081 Pam.

10 4116 21 4152 ν.
41 4131 76 4145 ..-
118 4095 167 4162 33)
185 4104 218 4148 cst
234 4103 254 4147 st
271 4097 297 4146 ie
313 4092 397 4148 Rhem
415 4095 435 4151 I.
452 4125 487 4135 -
506 4099 547 4163 34)
569 4105 711 4162 assenserim
728 4095 812 4151 Rhen.
830 4096 850 4150 1.
869 4125 900 4135 -
932 4096 974 4157 35)
992 4099 1014 4148 si
1030 4095 1066 4150 el.

10 4146 75 4237 'sp
103 4182 176 4234 φη
198 4167 233 4217 -e
249 4162 296 4219 m.
314 4160 395 4217 men
412 4162 486 4220 sam.
505 4169 595 4290 paen
610 4164 704 4220 seren.
722 4164 781 4234 mg.
800 4170 878 4234 eene
896 4162 971 4219 sem.
992 4166 1065 4222 nee

19 4242 119 4303 uene,
147 4237 203 4289 dem
224 4241 312 4290 eadm
334 4247 385 4291 em
408 4231 492 4291 Rhea.

553 4236 637 4305 sagn
656 4264 691 4276 -
726 4235 773 4308 er)
789 4234 810 4293 1
828 4236 887 4291 ese.
904 4251 996 4290 men
1010 4248 1063 4292 cn

11 4307 50 4365 sb.
68 4304 136 4375 mg.
