2776 5252
442 536 678 597 ...ou-
1005 527 1111 619 maan

92 702 228 769 Klossen
258 705 334 766 oder
352 704 537 782 Kategorien
566 703 720 782 gebracht
763 703 851 782 Bapt.
873 724 900 766 e.
928 711 981 766 17:
1018 705 1113 784 bapti-

94 811 198 872 smus,
220 809 316 868 aeque
347 790 395 850 dei
424 810 520 851 emar
548 790 598 867 [ι.-
621 791 653 849 iu
676 789 809 867 gleieher
830 790 929 850 Weiss
956 809 1016 851 von
1043 791 1115 852 Gott

95 875 331 955 aestimaudi,
362 874 401 936 ab
423 873 559 935 omnihus
579 876 713 935 exerceri
733 878 841 951 potest.
883 875 981 936 Anim.
1003 895 1030 936 e.
1054 880 1112 936 20:

96 982 137 1024 ex
165 981 226 1038 quo
255 962 322 1038 ipse
350 960 469 1033 (anima)
499 972 639 1036 emautur,
675 984 713 1012 =
745 978 805 1018 von
831 979 878 1020 wo
900 978 937 1020 an
958 961 1007 1020 die
1027 961 1114 1021 Seele

95 1049 209 1108 eeusirt
238 1044 331 1123 wird,
369 1045 398 1104 d.
428 1044 458 1104 h
494 1045 656 1122 gleichsam
691 1045 739 1104 ihr
776 1045 1113 1106 menschenrechtliehes

96 1132 208 1195 Dasein
230 1130 363 1208 beginnt
408 1132 582 1190 Praesene.
597 1132 655 1190 20:
677 1128 772 1190 Omne
792 1149 887 1207 genus
909 1131 946 1190 ad
967 1132 1112 1208 originem

94 1236 182 1279 suam
205 1228 349 1276 comentur
370 1232 490 1275 necesso
511 1219 574 1292 est,
602 1241 635 1268 =
669 1230 749 1275 muss
770 1216 825 1274 auf
841 1217 904 1275 sein
925 1216 1112 1277 Sismmhaus

92 1300 333 1378 zurichgefllhrt
354 1299 483 1360 werden.
526 1299 596 1377 Vgl.
619 1299 731 1360 Aruob.
753 1300 821 1359 adu.
844 1299 931 1361 Geut.
952 1302 977 1361 1.
1000 1320 1027 1361 c.
1055 1307 1110 1362 13:

96 1387 240 1449 Trecenti
261 1389 330 1446 suut
350 1386 420 1444 anui
442 1385 535 1444 terme
556 1385 651 1445 minus
671 1386 722 1447 uel
743 1386 810 1461 plus
832 1385 960 1463 aliquid,
991 1404 1029 1445 ex
1051 1405 1110 1463 quo

97 1472 250 1550 coepimus
277 1488 342 1530 esse
370 1470 530 1530 Christiani
558 1472 589 1529 et
614 1473 761 1531 terrarum
790 1470 821 1528 in
842 1469 914 1529 orbe
935 1475 1047 1530 censeri.
1069 1505 1111 1515 -

102 1558 146 1619 Es
165 1556 246 1618 steht
267 1559 297 1615 2.
318 1556 387 1615 mit
405 1554 730 1634 Prepesitiouen,
762 1552 823 1614 uud
844 1572 924 1615 nwar
945 1576 973 1614 o.
997 1558 1050 1616 mit
1070 1559 1111 1617 in.

97 1640 198 1705 Anim.
219 1659 246 1700 c.
269 1646 330 1700 4⁰:
367 1640 414 1698 Ita
441 1641 536 1699 omnis
556 1638 655 1698 anima
675 1657 710 1698 eo
732 1655 828 1714 nsque
850 1641 880 1699 in
901 1639 997 1699 Adam
1018 1662 1110 1701 cenre-

99 1739 158 1806 tnr,
180 1726 274 1786 donee
295 1726 324 1785 in
347 1724 465 1785 Christo
487 1734 678 1785 recenseatur:
701 1723 813 1785 tamdiu
834 1725 984 1784 immunda
1008 1745 1111 1802 quam·

96 1811 152 1875 din
185 1821 374 1877 recmeolar,
406 1832 441 1861 =
473 1809 566 1870 Sumit
593 1806 707 1870 kemmt
733 1808 805 1886 jede
825 1809 911 1870 Seele
932 1828 966 1870 so
987 1811 1058 1888 lang
1079 1812 1110 1870 in

98 1895 220 1957 Adam's
247 1894 371 1957 Familie
404 1912 471 1953 uum
500 1893 627 1970 Oeneus,
661 1892 690 1957 d.
712 1893 753 1954 h..
779 1894 823 1954 sie
857 1893 933 1954 wird
959 1914 1026 1955 rum
1054 1895 1111 1956 Ge

97 1982 254 2043 schleohte
278 1978 398 2039 Adam's
427 1996 460 2039 so
486 1978 558 2055 lang
577 1979 755 2056 gerochuet,
793 1978 839 2039 bis
860 1980 903 2039 sie
925 1980 955 2039 iu
978 1980 1113 2041 Christus

99 2067 168 2127 cine
190 2065 369 2141 ebermalige
381 2064 557 2140 Musterung
577 2063 708 2123 besteht:
731 2065 774 2123 sie
795 2064 878 2123 istso
892 2065 981 2141 lange
993 2066 1110 2144 unrein,

100 2151 149 2211 his
175 2150 256 2210 dieue
274 2150 377 2209 uweite
397 2149 571 2225 Musterung
590 2167 648 2208 von
669 2148 717 2209 ihr
737 2148 900 2209 hestauden
922 2150 1042 2211 worden
1064 2152 1112 2211 ist.

99 2234 206 2299 Pudie.
229 2253 256 2294 c.
279 2239 317 2296 9:
339 2232 412 2293 Vide
433 2251 472 2293 an
493 2232 602 2292 habeat
622 2232 758 2293 ethnicus
777 2233 982 2314 substantiam,
1004 2238 1035 2296 in
1057 2235 1113 2296 deo

100 2326 189 2398 patre
222 2338 336 2396 mneos,
372 2322 402 2377 et
423 2318 587 2395 sapientiae
608 2321 638 2376 et
657 2318 801 2378 naturalis
822 2320 981 2395 agnitionis
998 2364 1006 2380 .
1023 2365 1048 2399 .,
1072 2344 1111 2376 =

97 2406 140 2466 ob
173 2404 228 2465 der
259 2402 355 2464 Heide
390 2402 434 2462 als
462 2421 517 2465 zur
544 2402 667 2463 Familie
699 2402 803 2463 Gottes
830 2402 957 2481 geherig
984 2407 1033 2465 eiu
1060 2424 1114 2466 aus

98 2489 248 2550 Weisheit
269 2532 309 2550 ..
340 2486 536 2549 bestehendes
558 2487 721 2564 Vormegeu
751 2487 872 2547 hesitze.
914 2508 941 2548 e.
970 2494 1027 2549 13:
1056 2492 1114 2567 spi-

99 2576 253 2636 ritum..
283 2574 336 2649 qui
365 2574 396 2641 iu
426 2573 550 2633 ecclesia
577 2585 715 2641 emetur,
748 2599 783 2625 =
816 2571 870 2632 der
896 2574 1056 2651 gleichsam
1077 2594 1115 2635 nu

100 2659 169 2720 dem
188 2658 432 2719 Familienhreise
451 2657 505 2721 der
526 2658 639 2718 Kirohe
660 2658 776 2736 gehert.
805 2659 962 2736 Monoge.
975 2665 1010 2720 5:
1034 2659 1116 2737 quod

100 2745 159 2807 tibi
186 2750 217 2804 et
243 2745 274 2805 iu
295 2742 391 2804 Adam
419 2754 544 2802 necetur
566 2747 596 2803 et
617 2744 648 2805 in
669 2744 735 2804 Noe
757 2757 921 2804 recensetur.
966 2746 1067 2823 Speet.
1088 2763 1115 2806 e.

103 2837 141 2895 4:
164 2829 242 2902 Quid
263 2831 321 2889 erit
339 2847 482 2889 summum
504 2846 539 2888 ac
560 2830 768 2908 praecipuum,
798 2830 828 2888 in
849 2848 909 2905 quo
930 2829 1066 2891 diabolus
1087 2835 1117 2890 et

102 2933 231 2993 pompae
256 2919 287 2974 et
308 2913 407 2991 angeli
429 2915 492 2973 eius
514 2926 679 2973 emrwnlur
700 2917 747 2987 [=
775 2913 841 2974 dem
865 2959 873 2976 .
898 2959 906 2975 .
931 2917 1117 2975 nuzuweisen

102 2999 202 3077 siudl,
238 3017 326 3075 quam
354 2997 547 3059 idololatris?
595 2998 671 3058 Idol.
702 3017 728 3058 c.
750 3002 785 3081 2:
821 3000 847 3058 si
876 3001 942 3075 quis
970 3001 1119 3059 existimet

105 3084 286 3147 adulterium
322 3085 351 3144 in
379 3085 488 3147 osculis
511 3126 550 3143 ..
580 3089 611 3143 et
638 3085 669 3143 in
697 3085 764 3159 ipsa
791 3085 888 3143 caruis
910 3086 1119 3161 congressione

108 3174 293 3248 emendum,
330 3195 365 3221 =
403 3188 460 3230 nur
491 3168 576 3228 darin
604 3169 731 3231 unstrote
760 3167 822 3228 und
847 3167 913 3229 dem
936 3170 1047 3229 (leuem
1069 3187 1119 3229 an

106 3254 268 3319 heimfalle.
312 3254 398 3331 Bapt.
421 3273 447 3314 c.
473 3258 510 3317 6:
534 3254 636 3331 Imago
656 3254 687 3312 in
709 3251 823 3332 effigie,
845 3253 1005 3315 similitudo
1027 3255 1057 3314 in
1072 3273 1119 3313 ne

109 3342 250 3401 temitate
274 3351 416 3418 oensem,
439 3365 479 3392 =
502 3338 615 3399 hommt
635 3357 688 3398 nur
708 3337 937 3419 Abschilluung,
966 3341 1033 3399 tritt
1054 3340 1120 3399 her·

109 3443 182 3502 vor,
211 3424 358 3485 offenburt
385 3424 459 3484 sich.
483 3457 521 3468 -
546 3428 572 3484 t.
595 3425 647 3483 mit
667 3444 717 3503 aa,
752 3427 806 3495 ut,
840 3429 883 3485 ds.
926 3424 1011 3502 Virg.
1033 3444 1059 3485 e.
1084 3431 1120 3485 5:

109 3510 217 3571 mulier
245 3510 307 3568 eius
333 3527 370 3569 ex
392 3510 476 3568 euius
496 3510 662 3569 substantia
683 3510 788 3586 incipit
808 3513 913 3569 cernei
934 3509 1014 3570 tacta
1034 3528 1121 3587 uxor,

113 3620 154 3649 =
184 3595 214 3653 in
246 3593 352 3654 desseu
380 3594 525 3654 Substanz
559 3595 604 3653 sie
632 3595 676 3655 als
705 3593 882 3671 genordene
910 3594 1011 3654 Gattiu
1038 3595 1124 3655 ihren

111 3679 261 3739 Urstamm
282 3679 344 3738 hat.
387 3679 512 3739 Testim.
530 3696 556 3738 e.
581 3684 616 3739 5:
638 3684 763 3740 naturae
783 3680 980 3758 maiestatem,
1003 3698 1040 3739 ex
1063 3694 1125 3755 qna

111 3775 238 3823 causetur
268 3763 430 3824 auctoritas
457 3766 589 3842 animae,
621 3787 656 3817 =
689 3763 818 3825 welcher
847 3764 894 3824 die
916 3764 1125 3825 'Ihefflichkeit

112 3847 168 3919 der
190 3848 276 3909 Seele
297 3852 474 3909 eutstammt.
517 3850 614 3915 Auim.
637 3868 663 3911 e.
692 3855 745 3910 16:
774 3869 833 3910 uon
855 3867 971 3926 semper
993 3869 1031 3909 ex
1051 3850 1126 3909 irra-

115 3935 219 3995 tionali
249 3938 384 3993 emendo
406 3938 475 3994 sunt
497 3937 546 4007 [ε
569 3933 637 3994 siud
657 3930 837 4014 abzuleiten]
859 3935 1075 4011 indignativum
1096 3938 1127 3993 et

113 4036 198 4079 eone.
241 4036 268 4079 e.
293 4022 351 4078 32:
374 4018 487 4079 etiamsi
510 4065 517 4080 .
541 4063 550 4079 .
573 4038 611 4079 ex
632 4019 823 4079 elementiciis
843 4020 1016 4079 substantiis
1036 4040 1128 4079 censs-

112 4115 208 4181 rent,
234 4127 270 4155 =
297 4103 476 4164 herculeiteu
498 4111 588 4164 utre.
620 4104 724 4164 Pudio.
740 4121 766 4162 e.
786 4109 840 4164 lt:
863 4104 1030 4164 Christiana
1050 4105 1129 4164 euim

114 4187 275 4263 disciplina
291 4206 309 4247 a
329 4191 487 4249 novatione
501 4189 674 4251 testamenti
696 4194 727 4248 et
747 4231 779 4247 ..
802 4207 821 4248 a
841 4188 1044 4267 redemptione
1065 4209 1129 4250 ear-

115 4274 164 4333 nis
187 4316 195 4331 .
217 4317 225 4332 .
250 4283 391 4352 censetur,
425 4298 459 4329 ==
485 4276 568 4341 leitet
587 4276 672 4336 ihren
693 4274 852 4351 ll1sprung
869 4275 917 4335 ab.
960 4276 1080 4354 Monog.
1102 4294 1130 4337 e.

856 4377 928 4437 40*
