2776 5252
445 576 489 591 .-
533 544 593 606 cor
637 578 680 591 -
1009 536 1115 628 maen.

93 709 231 777 Klassen
261 713 337 774 oder
355 712 539 790 Kategorieu
569 712 723 791 gebracht.
766 712 854 791 Bapt.
876 733 903 775 c.
931 720 984 774 17:
1021 715 1117 793 bapti·

94 819 201 878 smus,
223 816 319 875 aeque
350 798 398 858 dei
428 818 522 859 ceurae
551 798 600 874 [=
625 799 655 858 iu
678 798 812 875 gleicher
832 798 932 859 Weiss
959 818 1019 860 von
1046 801 1118 862 Gott

95 883 334 962 ahstammendl,
365 882 403 942 ab
425 882 561 943 omnihus
582 885 716 943 exemeri
736 886 843 960 potest.
886 884 984 946 Anim.
1006 903 1033 946 c.
1057 889 1115 945 20:

96 989 139 1031 ex
168 988 228 1046 quo
258 970 325 1046 ipsa
353 966 471 1041 (anima)
501 980 641 1046 caretur,
678 992 715 1021 ==
748 987 806 1028 von
834 988 880 1028 wo
903 988 940 1030 an
960 970 1010 1030 die
1030 970 1117 1031 Secia

95 1056 211 1116 censirt
241 1051 334 1131 wird‚
371 1052 401 1113 d.
430 1052 460 1112 h.
497 1053 658 1130 gleichsam
694 1054 741 1113 ihr
779 1055 1116 1115 menschenreohtliohes

95 1140 211 1202 Daseia
233 1138 366 1215 beginnt
410 1138 546 1197 Praescr.
559 1156 585 1198 o.
599 1140 657 1198 20:
680 1136 774 1198 Omne
795 1158 890 1216 genus
911 1140 949 1199 ad
970 1141 1115 1218 originem

94 1242 185 1287 snam
208 1235 351 1283 censeatur
372 1240 492 1283 necesse
513 1226 577 1300 est,
605 1249 638 1277 π
672 1241 752 1283 mess
773 1225 828 1284 aui
844 1226 907 1284 scin
928 1226 1115 1286 Stammhans

91 1308 336 1386 zurdclrgeftlhrt
356 1307 485 1367 werden.
528 1307 598 1384 Vgl.
621 1307 733 1368 Arnob.
755 1309 824 1367 adv.
847 1308 933 1370 (ient
955 1312 980 1370 1.
1003 1330 1030 1370 c.
1057 1316 1113 1371 13:

96 1394 241 1457 Trecenti
263 1397 333 1453 sunt
353 1393 423 1452 anni
445 1392 537 1451 forme
558 1393 654 1453 miuus
675 1395 725 1455 vel
746 1395 812 1469 plus
834 1394 962 1472 aliquid,
994 1414 1032 1454 ex
1053 1413 1113 1471 quo

97 1480 252 1557 coepimus
279 1496 344 1538 esse
372 1477 532 1538 Christiani
560 1480 591 1536 et
617 1480 764 1539 terrarum
792 1478 824 1537 in
845 1479 917 1538 orhe
939 1484 1049 1539 canceri.
1071 1514 1113 1525 -

102 1565 148 1625 Es
168 1564 248 1627 steht
269 1567 299 1622 2.
321 1564 390 1623 mit
407 1562 733 1642 Prdpositionem
766 1561 826 1622 und
846 1582 928 1623 zuar
948 1584 975 1623 a.
999 1567 1052 1624 mit
1073 1568 1113 1625 iu.

98 1648 200 1711 Anim'.
221 1667 248 1708 e.
271 1654 332 1708 to:
369 1649 416 1706 Ita
443 1647 539 1707 omnis
559 1647 658 1706 anima
678 1665 713 1707 eo
735 1665 830 1722 usque
852 1649 883 1708 in
904 1647 998 1708 Adam
1021 1670 1112 1709 reare·

99 1747 160 1812 ων,
182 1734 276 1793 donec
297 1734 326 1793 in
349 1732 467 1793 Christe
490 1743 681 1796 recenseatur:
704 1732 816 1793 tamdiu
837 1733 987 1793 immunda
1010 1753 1113 1811 quam·

97 1818 154 1883 diu
187 1829 376 1885 recenseatur,
408 1841 444 1870 =
475 1817 569 1879 Sumit
596 1815 710 1878 kommt
736 1816 808 1894 jede
828 1817 913 1878 Seele
934 1836 968 1878 so
989 1819 1061 1897 lang
1081 1821 1113 1879 in

98 1903 222 1965 Adam‘s
249 1903 373 1965 Familia
406 1921 473 1963 zum
502 1902 629 1980 Census,
664 1901 693 1965 d.
715 1903 756 1963 h„
781 1902 826 1962 sie
860 1902 935 1962 wird
962 1922 1028 1964 zum
1057 1904 1113 1965 Ge·

99 1990 256 2051 schlechte
281 1987 400 2048 Adam’s
429 2005 462 2047 so
488 1987 559 2064 lang
579 1988 758 2065 gerachnet,
796 1987 905 2048 bissis
927 1989 958 2048 in
980 1989 1115 2050 Christus

101 2075 171 2137 eino
192 2073 371 2149 ebermalige
383 2073 559 2149 Musterung
579 2072 711 2133 besteht:
733 2073 776 2133 sie
797 2074 836 2133 ist
848 2092 881 2133 so
894 2074 983 2151 lange
996 2076 1112 2153 nurein,

102 2160 151 2219 bis
177 2158 258 2219 dicae
276 2158 380 2218 aweite
399 2158 574 2235 Musterung
593 2175 652 2221 von
672 2158 719 2218 ihr
740 2157 902 2219 bestaudeu
924 2159 1044 2220 worden
1066 2161 1114 2220 ist.

102 2242 208 2307 Pudic.
231 2262 258 2303 c.
281 2248 318 2305 9:
341 2241 414 2301 Vide
436 2260 473 2301 au
495 2242 604 2302 haheat
625 2242 760 2303 ethnicus
780 2243 984 2323 substantiam,
1007 2247 1037 2305 in
1059 2245 1115 2305 deo

103 2334 191 2406 patre
224 2348 338 2404 mucor,
374 2331 404 2387 et
425 2328 589 2404 sapientiae
610 2331 641 2387 et
660 2328 804 2388 naturalis
825 2330 983 2405 agnitionis
1000 2373 1008 2389 .
1025 2373 1050 2409 .‚
1074 2353 1113 2385 =

100 2415 142 2474 ob
176 2412 230 2473 der
262 2411 357 2473 Heide
392 2411 436 2471 als
464 2431 518 2473 zur
546 2412 669 2473 Familia
702 2412 805 2473 Gottes
833 2412 958 2491 gehhrig
986 2416 1036 2474 ein
1062 2432 1116 2475 aus

101 2498 250 2558 Weisheit
272 2541 311 2559 ..
342 2496 538 2558 hestehendcs
561 2496 724 2574 verniges
753 2497 874 2557 hcsitre.
917 2517 944 2556 c.
973 2503 1029 2558 13:
1058 2501 1116 2575 spi-

102 2584 255 2644 ritum..
286 2582 338 2658 qui
367 2583 398 2650 in
428 2582 552 2643 ecclesia
580 2595 717 2651 emetur,
750 2609 785 2635 =
818 2583 872 2641 der
898 2584 1059 2660 gleichsam
1079 2603 1117 2644 cn

103 2667 171 2728 dem
191 2666 433 2728 Familicnkreise
453 2667 507 2726 der
528 2666 642 2729 Kirchc
662 2668 778 2746 gehdrt.
807 2668 964 2745 Monogc.
977 2674 1012 2729 5:
1036 2670 1118 2746 quod

103 2754 161 2814 tihi
189 2759 219 2813 et
246 2753 276 2812 in
297 2751 394 2811 Adam
422 2763 546 2811 cauetur
568 2757 598 2812 et
619 2754 649 2813 in
671 2753 737 2814 Noe
759 2765 922 2813 recensetur.
968 2755 1068 2832 Spcot.
1090 2773 1117 2814 e.

106 2846 144 2901 4:
166 2837 244 2910 Quid
265 2838 323 2899 crit
341 2856 484 2897 summum
506 2855 541 2897 ac
562 2839 770 2917 praecipuum,
799 2839 830 2897 in
850 2857 911 2915 quo
932 2839 1067 2901 diabolus
1089 2845 1119 2901 et

105 2941 233 3001 pompae
258 2926 289 2981 et
310 2923 409 2999 angeli
431 2923 494 2982 eius
516 2935 681 2983 emercetur
702 2926 749 2996 [=
776 2922 843 2984 dem
867 2968 875 2985 .
900 2967 908 2984 .
933 2926 1118 2985 uuzuweisen

106 3007 204 3086 sind]‚
241 3025 328 3083 quam
357 3006 549 3067 idololatria?
597 3008 672 3067 Idol.
704 3027 730 3067 c.
752 3012 787 3068 2:
823 3010 849 3067 si
877 3009 944 3083 quis
973 3010 1120 3068 existimet

108 3092 288 3155 adulterium
324 3093 354 3152 iu
381 3093 552 3157 osculis..
582 3096 612 3152 et
641 3094 670 3152 in
699 3086 778 3168 ipsa
792 3093 890 3151 carnis
912 3095 1121 3169 congressione

111 3182 295 3256 recreatum,
331 3203 367 3229 =
405 3196 463 3237 nur
493 3176 577 3236 dariu
606 3178 733 3236 auitretc
762 3175 822 3237 und
849 3176 914 3236 dem
937 3178 1049 3238 Census
1070 3195 1120 3237 an-

108 3261 270 3327 heimialle.
313 3261 401 3338 Bapt.
423 3281 449 3322 c.
475 3266 512 3325 6„-
536 3262 637 3339 Imago
659 3262 688 3321 in
710 3260 825 3341 effigie,
848 3262 1007 3323 similitudo
1029 3264 1121 3323 inae

111 3349 252 3408 temitate
276 3358 418 3425 caueatur,
442 3373 481 3400 =
504 3347 616 3407 kommt
637 3366 690 3407 cur
709 3347 939 3426 anscheteung,
968 3349 1034 3408 tritt
1055 3349 1121 3408 hcr-

111 3449 184 3509 uer,
213 3431 360 3492 offenbart
387 3432 461 3491 sich.
485 3464 523 3476 -
548 3435 574 3492 h.
597 3434 649 3491 mit
669 3452 718 3510 aa,
754 3435 807 3503 ch,
841 3438 885 3492 dc.
927 3434 1012 3511 Virg.
1035 3453 1061 3494 c.
1086 3440 1122 3494 5:

112 3517 219 3579 mulier
246 3517 309 3576 eius
335 3534 373 3577 ex
393 3518 477 3576 cuius
498 3516 664 3579 substantia
685 3518 789 3593 incipit
810 3522 915 3578 ceuceu·
935 3519 1016 3579 facta
1036 3537 1123 3597 uxor,

115 3627 155 3657 =
186 3603 217 3660 in
249 3600 353 3661 desseu
381 3601 527 3662 Substanu
561 3602 605 3661 sie
634 3603 677 3662 als
706 3601 884 3680 gewordene
912 3602 1012 3663 (lattin
1039 3604 1125 3664 ihren

113 3687 263 3748 Urstamm
284 3686 346 3746 hat.
389 3687 513 3748 Testim.
532 3704 558 3747 c.
583 3692 618 3747 5:
640 3691 765 3747 naturae
786 3689 981 3765 maiestatem,
1005 3706 1041 3747 cx
1064 3703 1126 3765 qua

113 3782 240 3831 tereretur
269 3771 431 3832 auctoritas
459 3772 591 3851 animae,
623 3795 658 3825 =
691 3772 820 3833 welcher
849 3773 896 3832 die
918 3772 1127 3833 Treffliclrkeit

114 3855 169 3927 der
192 3856 277 3918 Seele
299 3861 476 3919 entstammt.
519 3856 616 3923 daim.
639 3877 665 3918 c.
694 3864 747 3919 16:
776 3876 836 3917 non
857 3876 973 3934 semper
995 3876 1032 3917 ex
1053 3858 1127 3917 irra-

117 3943 220 4003 tionali
251 3946 386 4001 emanue
408 3947 477 4009 suut
498 3945 548 4015 [=
571 3943 637 4002 sind
659 3938 839 4022 abruleitsn]
860 3942 1076 4019 indignativum
1098 3945 1128 4002 et

115 4044 200 4087 cone.
243 4044 270 4087 c.
295 4030 352 4086 32:
376 4028 488 4087 etiamsi
511 4073 519 4088 .
543 4070 552 4087 .
575 4046 613 4087 ex
634 4027 824 4089 elementiciis
845 4028 1017 4087 substantiis
1038 4048 1129 4086 reuec-

114 4122 210 4188 retur,
236 4135 272 4163 =
298 4112 478 4172 herculeiten
500 4120 590 4173 ware.
622 4112 726 4171 Pudic.
742 4130 768 4171 c.
788 4118 841 4172 tl:
864 4111 1031 4172 Christiana
1052 4114 1130 4172 enim

116 4195 311 4271 disciplinae
330 4198 489 4257 novatione
502 4198 677 4259 testamenti
698 4201 728 4256 et
748 4239 780 4255 ..
803 4214 822 4255 a
843 4196 1045 4274 redemptione
1067 4216 1130 4257 ear-

116 4282 165 4341 nis
188 4324 196 4339 .
219 4323 227 4339 .
252 4294 392 4360 causetur,
426 4306 460 4336 =
486 4283 570 4344 leitct
588 4284 674 4345 ihren
695 4282 854 4359 llrsprung
871 4282 918 4342 ah.
962 4283 1081 4362 Monog.
1104 4302 1131 4345 c.

857 4384 929 4443 40*
