2814 5264
428 543 468 557 ...
515 506 574 570 151
617 540 661 554 -.
921 501 977 571 [liv.
994 501 1092 557 Lucae.

29 680 201 758 paraturam,
242 698 301 760 per
335 698 431 761 quam
457 675 500 742 nd
527 676 646 741 Lucam
674 695 776 758 usque
805 674 966 759 pervenit,
1001 673 1091 740 cuius

27 778 176 844 testimonio
206 779 385 845 adsistente
406 779 509 845 Lucas
531 800 658 863 quoque
680 778 782 863 possit
803 777 954 843 admitti.
971 827 978 841 .
994 827 1026 846 ..
1046 813 1091 827 —

26 902 45 943 c.
61 887 86 947 t.
104 903 132 966 p.
153 888 210 948 191
228 902 292 966 sq.:
315 881 406 960 Quod
429 903 504 966 ergo
526 882 665 967 pertinet
686 881 729 947 ad
750 882 943 965 commaticam
963 880 1092 946 interim

25 984 123 1064 Lucae,
155 990 314 1067 quatenus
339 985 518 1051 communio
548 985 616 1050 eius
645 985 731 1049 inter
759 1005 817 1050 nos
840 989 873 1048 et
897 982 1091 1049 Marcionem

22 1086 53 1150 de
77 1087 201 1153 ueritate
230 1086 406 1172 disceptat,
443 1087 524 1153 adeo
553 1086 718 1170 antiquius
741 1086 904 1153 Marcione
933 1085 1092 1170 estquod

21 1194 59 1252 est
83 1190 248 1256 secundum
277 1211 350 1272 nos,
386 1196 424 1256 ut
445 1196 479 1256 et
498 1190 569 1274 ipse
588 1189 637 1269 illi
658 1189 804 1255 Marcion
826 1188 1000 1273 aliquando
1025 1210 1093 1255 ore·

21 1289 135 1371 diderit,
161 1314 234 1359 oum
260 1299 294 1359 et
316 1294 483 1377 pecuniam
505 1293 538 1358 iu
561 1293 666 1378 primo
689 1291 796 1359 calore
817 1290 892 1359 fidei
913 1291 1091 1359 catholicae

21 1394 150 1461 ecolesma
177 1395 327 1475 contulit,
360 1396 539 1479 proiectam
560 1416 633 1460 mox
654 1415 726 1460 cum
748 1395 836 1480 ipso,
874 1400 1088 1479 posteaquam

21 1496 221 1565 uhaeresim
249 1519 342 1565 suam
370 1518 391 1564 ι
417 1503 527 1563 nostra
546 1498 684 1564 ueritate
697 1497 839 1564 ,descivit
952 1498 1034 1565 Si..
1056 1497 1090 1563 id

21 1600 188 1684 sospolum
217 1600 303 1685 quod
333 1601 439 1667 lacae
474 1598 615 1666 refertor
645 1621 744 1683 penes
766 1621 825 1665 nos
844 1599 1027 1685 (uiderimus
1049 1620 1091 1664 an

21 1707 39 1765 rt
63 1722 153 1785 penes
182 1703 409 1787 Marcionem),
445 1703 553 1788 ipsum
575 1709 623 1766 est
646 1701 731 1784 quod
753 1700 897 1768 Marcion
919 1723 978 1787 per
997 1702 1091 1767 Anti-

21 1802 103 1871 deses
123 1828 199 1872 suas
222 1806 330 1889 arguit
350 1811 387 1870 ut
406 1804 638 1889 interpolatum
653 1824 674 1869 a
687 1805 924 1887 proteotoribus
934 1803 1090 1871 Iudaismi

21 1905 45 1971 ad
63 1908 373 1992 concorporationem
394 1907 475 1991 legis
498 1911 531 1972 et
551 1907 791 1992 prophetarum,
815 1927 880 1990 qua
894 1906 992 1971 etiam
1001 1906 1091 1971 Chri-

21 2015 81 2076 tum
104 2011 181 2078 inde
213 2010 424 2094 configerent,
460 2010 574 2093 utique
601 2030 664 2075 nou
694 2010 852 2093 potuisset
872 2029 1008 2092 arguere
1028 2008 1090 2074 nisi

21 2112 82 2193 prod
100 2113 277 2184 invenerat.
320 2113 421 2180 Nemo
443 2119 518 2197 post
539 2112 650 2178 futura
671 2110 879 2196 reprehendit
899 2132 983 2197 quae
1000 2110 1090 2194 igno·

21 2220 49 2279 ut
65 2215 180 2283 futura.
227 2216 419 2283 Emendatio
442 2214 570 2299 culpam
592 2236 657 2280 non
678 2215 848 2283 antecedit.
891 2213 1090 2280 Emendator

21 2337 71 2383 ane
90 2319 246 2403 euangelii
267 2342 288 2385 ι
309 2318 493 2384 Tiberianis
514 2338 618 2400 usque
639 2317 684 2383 ad
699 2318 919 2383 Antoniniana
939 2321 1088 2400 tempora

21 2420 93 2485 rarsi
112 2421 262 2489 Marcion
283 2420 371 2488 solus
394 2426 427 2487 et
447 2420 570 2504 primus
593 2419 731 2499 obvenit,
743 2424 942 2501 expectatus
963 2418 1089 2484 tamdiu

37 2521 173 2606 Christo,
204 2524 389 2609 paenitente
409 2523 474 2588 iam
497 2521 585 2606 quod
606 2521 769 2605 apostolos
790 2522 995 2606 praemisisse
1015 2544 1089 2607 pro-

21 2631 135 2693 erassot
170 2628 244 2693 sine
278 2624 440 2710 praesidio
470 2624 651 2690 Marcionis.
709 2625 781 2691 Nisi
813 2625 900 2709 quod
928 2624 1090 2691 humanae

21 2729 197 2810 manaan,
218 2749 286 2794 non
306 2727 430 2793 diuinae
450 2727 661 2809 auctoritatis,
682 2728 846 2811 negotium
867 2732 916 2793 est
935 2726 1088 2807 haeresis,

21 2850 73 2897 uae
93 2832 141 2898 sio
163 2851 294 2914 semper
316 2830 468 2896 emendat
489 2830 672 2913 evangelia,
695 2831 772 2897 dum
793 2830 952 2896 vitiat...
975 2830 1089 2913 Itaque

21 2952 63 2999 ιιι
91 2933 262 3016 emendat,
297 2940 468 3018 utrumque
489 2931 671 3015 confirmat,
713 2937 746 3000 et
767 2938 914 2999 nostrum
935 2931 1089 3012 anterius,
1197 2982 1202 2991 .

21 3034 25 3098 ι
45 3038 220 3105 emendans
244 3036 331 3120 quod
351 3035 493 3119 invenit,
520 3041 554 3102 et
573 3035 606 3100 id
630 3036 792 3120 posterius
814 3035 900 3119 quod
922 3035 965 3101 de
986 3033 1089 3101 nostri

21 3140 217 3207 mendatione
238 3139 433 3205 constituens
455 3160 549 3205 suum
571 3142 604 3204 et
626 3159 743 3203 novum
765 3138 961 3203 fecit.---
982 3136 1087 3203 Nach-

21 3262 60 3307 sm
81 3264 118 3309 er
138 3242 275 3309 hierauf
293 3242 346 3309 die
364 3263 426 3307 uon
447 3241 510 3307 den
530 3241 686 3325 Aposteln
708 3240 926 3325 gegriindeten
946 3240 1013 3306 und
1034 3239 1086 3305 die

21 3366 47 3409 ra
72 3346 245 3412 iohannes
280 3344 314 3410 in
353 3344 412 3410 der
439 3343 645 3429 Apokalypse
675 3350 857 3427 genanuteu
884 3343 1085 3427 Christengs-

21 3449 137 3515 auden
160 3447 310 3515 erwiihnt
330 3446 397 3527 hat,
416 3444 505 3511 fahrt
527 3466 564 3511 er
586 3450 646 3509 aa
668 3447 752 3512 nach
775 3448 846 3512 dem
867 3446 989 3512 bereits
1004 3446 1087 3512 oben

21 3554 205 3636 agefrihrten
229 3549 340 3616 Sotae:
363 3549 444 3615 Dico
466 3550 577 3633 itaque
599 3586 640 3600 -
663 3571 794 3616 —cum
809 3550 947 3616 maxime
960 3555 1089 3615 tuemur

21 3676 54 3723 so
73 3655 156 3724 fort:
182 3654 369 3721 Marcionis
391 3673 466 3719 uero
488 3652 649 3736 plerisque
668 3674 729 3718 neo
748 3657 876 3734 notum,
909 3651 1009 3718 nuliis
1030 3672 1088 3718 ιιι-

21 3778 50 3822 m
76 3763 196 3825 notum
223 3762 262 3822 ot
289 3778 355 3822 non
382 3777 420 3822 eo
445 3756 632 3822 damnatum
652 3754 827 3842 [vielleicht
848 3776 888 3820 an
908 3755 1016 3822 lesen:
1051 3760 1090 3821 ut

21 3880 47 3926 ur
68 3859 340 3944 condemnatum]
352 3906 441 3925 .....
486 3859 521 3924 Si
546 3858 631 3924 enin
651 3857 829 3943 apostolica
848 3859 972 3941 integre
993 3856 1088 3923 decu-

21 3969 171 4044 rrerunt,
205 3963 315 4028 Iatros
335 3965 442 4026 autem
466 3962 550 4045 quod
571 3968 617 4028 est
637 3960 809 4027 secundum
828 3980 887 4027 uos
909 3960 990 4027 adeo
1013 3981 1088 4025 oon·

21 4067 70 4132 uit
97 4065 240 4152 regulae
269 4085 377 4130 eorum
406 4070 443 4128 ut
473 4084 546 4129 cum
573 4064 636 4129 illis
666 4062 753 4148 apud
774 4061 926 4129 ecclesias
948 4069 1088 4144 maneat,

21 4190 46 4234 m
74 4176 108 4236 et
132 4171 249 4237 Lucae
278 4172 404 4233 constat
431 4167 590 4250 integrum
612 4166 830 4233 decucurrisse
850 4187 953 4253 usque
974 4167 1017 4232 ad
1038 4189 1090 4235 sa-

21 4272 151 4357 ilegium
176 4269 365 4338 Marcionis.
388 4307 431 4321 -
474 4269 560 4335 Dass
588 4269 642 4338 bei
664 4269 737 4339 dem
757 4270 963 4354 Evangelium
981 4270 1087 4338 Mar-

21 4379 109 4444 ‚on‘s
128 4375 212 4463 jede
235 4371 369 4457 Angabe
391 4373 479 4439 eines
494 4371 675 4440 Verfassers
695 4370 804 4454 fehlts,
825 4373 1090 4459 riigt'l'ertullien
