2744 5260
409 557 449 570 ...
493 522 556 585 445
596 557 640 570 ...
865 518 1067 589 [ΘΛΚΗ.

389 754 395 761 .
462 682 606 757 ordinem
625 691 833 758 conversionis
853 712 930 758 suae
944 689 984 757 do
997 711 1068 777 per·

461 783 598 843 ramore
616 776 650 841 in
670 777 846 860 apostolom
860 826 892 842 ..
916 777 1014 843 Maro.
1030 778 1068 845 V.

462 882 487 927 c.
511 866 541 930 2.
562 883 592 945 p.
615 868 685 927 375.

507 951 555 1012 16.
582 947 736 1032 Apostolo
758 997 789 1013 ..
812 949 867 1031 qui
893 954 966 1032 post
986 970 1069 1015 rene-

462 1032 562 1098 latmm
589 1035 625 1100 im
651 1054 685 1100 se
710 1035 814 1118 fillmn
841 1035 894 1101 dei
913 1035 958 1100 ud
978 1056 1070 1101 enarr·

459 1119 661 1204 yeliaomlmn
703 1141 774 1187 erem
813 1121 849 1186 im
890 1121 1071 1187 matronibus

462 1206 571 1273 statim
591 1225 655 1272 mom
675 1207 817 1272 retulerit
838 1206 883 1271 orl
902 1227 1028 1274 earnem
1042 1212 1071 1272 et

461 1293 662 1377 surryramem,
698 1292 734 1356 id
762 1297 812 1357 est
840 1291 882 1357 ad
906 1293 1071 1358 eircumci-

462 1376 611 1529 magma&
633 1377 765 1530 &uetita
790 1377 1070 1530 adulldariilsmm’

463 1482 532 1528 sion
695 1484 716 1528 a
787 1483 883 1528 sons
1006 1485 1071 1531 urr.

345 1582 352 1591 ·
462 1567 490 1616 e.
514 1552 555 1613 50
576 1570 623 1616 ex„

508 1638 556 1702 18.
579 1634 714 1714 Deliae,
737 1635 910 1718 sicutipse
932 1641 1071 1716 enarrat,

467 1720 644 1787 ¹¹useendll
678 1720 930 1806 Hierosolymam
964 1741 1072 1806 eoymo

463 1806 570 1873 suendi
592 1806 683 1874 Peos
707 1827 830 1873 caussa.
878 1807 1021 1874 Praesor.
1045 1828 1071 1872 c.

396 2163 472 2249 (lup.
494 2165 535 2235 Π.

507 2305 535 2367 1.
557 2306 586 2369 2.
621 2302 797 2388 Propterea
824 2304 1073 2391 Hierosolymam

462 2388 603 2455 aseendit
623 2389 665 2454 ud
687 2390 923 2474 cognoscendos
944 2398 1074 2475 aposto

462 2471 511 2538 los
542 2479 574 2540 ot
602 2475 845 2558 consultandos,
880 2479 1073 2560 mafortem

461 2578 595 2625 parumn
616 2563 812 2631 mammet.
854 2562 953 2628 Maro.
976 2563 1030 2628 IV.
1046 2583 1073 2627 c.

547 2730 695 2817 Denique
706 2730 749 2798 ad
758 2732 972 2817 patrocinium
985 2732 1074 2798 Petri

464 2820 727 2902 caemrorumquo
738 2819 954 2903 apostolorum
967 2839 1073 2884 oseem-

465 2903 550 2969 ‹lr'see
583 2903 833 2991 Hierosolymam
867 2911 940 2988 post
974 2924 1075 2970 anuos

468 2987 530 3054 XI
535 2988 566 3054 V
591 2989 721 3072 scribit,
756 2998 792 3057 ml
829 2993 979 3074 conferret
1006 3011 1076 3056 mm

463 3074 532 3142 illie
558 3076 597 3142 de
625 3075 780 3162 evomyelir'
800 3076 851 3142 sui
871 3076 999 3160 regula,
1036 3098 1075 3142 me

463 3163 500 3227 r'rr
526 3181 660 3227 rourum
686 3167 738 3228 tot
767 3163 859 3229 annis
888 3164 1076 3229 enarro-isset

464 3253 521 3314 am
542 3254 687 3315 amera.
730 3248 828 3315 Marc.
851 3248 889 3317 V.
910 3269 937 3313 o.
962 3255 980 3314 3
1002 3249 1046 3313 in.
1166 3326 1170 3333 ι

507 3337 536 3400 2.
559 3333 636 3418 Ipso
658 3354 787 3418 quoque
808 3334 966 3418 apostolo,
987 3336 1075 3403 melu

463 3440 596 3486 vamum
629 3423 816 3493 marrissel
844 3427 900 3487 nat
928 3426 1074 3501 curreret,

465 3510 623 3591 suspecto.
665 3506 764 3572 Maro
786 3507 824 3573 V.
845 3527 873 3572 c.
895 3512 924 3576 3.
946 3528 978 3592 p.
990 3512 1061 3573 377.

551 3591 600 3657 Ab
627 3590 686 3658 illo
710 3641 741 3658 ..
763 3593 864 3659 Paulo
893 3595 948 3677 qni
970 3593 1076 3658 adhuc

465 3678 499 3743 in
529 3678 634 3763 maiia
657 3679 763 3759 rudis,
797 3678 964 3763 trepidans
986 3678 1077 3744 deni·

467 3784 547 3848 quo,
581 3785 621 3831 me
654 3766 690 3830 im
721 3785 853 3832 saeuum
889 3767 1078 3831 ammosa

467 3857 524 3917 out
551 3857 702 3932 mmerel,
737 3856 815 3917 tuno
840 3850 979 3935 primum
1004 3871 1076 3916 oum

468 3935 720 4004 antecessoribus
756 3936 973 4022 apostolorum
1006 3957 1076 4005 eom·

464 4023 593 4108 ferebat.
636 4022 734 4090 Mare.
755 4022 781 4089 1.
804 4043 830 4093 c.
852 4028 903 4093 20.
925 4045 956 4108 p.
980 4028 1030 4092 35.
