3386 5264
587 551 627 566 ..
670 519 731 578 275
775 551 817 565 -
959 518 1058 586 [loenn.
1076 518 1135 585 XII,
1159 466 1261 576 t-ess

176 678 305 745 dominus
326 683 519 763 moerens:
551 682 616 747 Pe·
673 756 676 763 ‚

174 772 220 845 ter,
233 766 339 850 inquit,
355 819 362 831 .
376 816 400 831 ..
419 770 542 853 pretias
559 790 616 852 epo

173 852 241 933 titi,
281 853 364 935 quod
409 874 457 919 me
497 875 617 937 semper

173 938 329 1017 neseio&
367 941 515 1022 ⁰proptee
535 943 616 1005 estes

171 1024 268 1088 tortos
287 1027 522 1090 denuntiantes
538 1026 614 1105 dicet,

170 1115 199 1173 et
226 1111 350 1176 credant
381 1111 465 1193 qood
495 1118 531 1177 tu
566 1133 615 1176 me
696 1118 699 1123 ’

168 1197 294 1263 meeis..
338 1195 431 1263 Prax.
461 1217 488 1261 e.
510 1202 561 1261 23.
582 1219 614 1280 p.

680 1371 731 1433 43.
753 1371 803 1431 44.
832 1369 992 1435 Mortuem
1021 1374 1176 1458 (earnem)
1199 1396 1248 1440 re-

637 1452 779 1517 suscitet.
825 1454 919 1522 Oern.
942 1477 968 1521 o.
991 1462 1020 1524 4.
1036 1476 1072 1541 ·p.
1095 1464 1165 1525 350.

719 1539 848 1605 Domini
876 1541 965 1607 feste
1064 1544 1104 1610 de
1136 1546 1244 1630 sepul·

635 1621 718 1687 ehn's
749 1631 890 1693 mortuos
909 1629 1141 1696 resuscitantis.
1184 1633 1245 1696 Re-

634 1730 714 1773 surr.
738 1732 764 1775 e.
788 1716 837 1777 38.
860 1735 891 1796 p.
915 1719 990 1782 283.

554 2059 631 2145 Gap.
653 2061 725 2130 XII.

678 2216 782 2280 1-3.
804 2258 837 2278 ..
860 2234 983 2284 erm..
1007 2217 1138 2286 Mariae
1160 2220 1243 2288 alise

632 2299 665 2363 in
692 2301 878 2366 commercio
901 2302 969 2367 eius
991 2301 1241 2388 frequententur.

633 2384 702 2468 [Mt.
714 2391 764 2466 27,
775 2390 824 2451 56.
848 2387 908 2451 Me.
919 2393 966 2467 16,
976 2393 1003 2464 9,.
1023 2390 1068 2456 Io.
1083 2397 1130 2472 11,
1142 2398 1157 2457 1
1171 2414 1241 2477 sqq.

634 2475 682 2550 19,
706 2470 772 2559 25.]
795 2470 887 2540 Corn.
910 2495 934 2538 o.
958 2478 986 2541 7.
1009 2498 1040 2559 p.
1065 2481 1134 2541 361.

677 2562 767 2622 1-8.
789 2557 964 2627 Peeoetn'oi
985 2560 1123 2637 feminee
1143 2564 1242 2629 etiem

632 2645 773 2725 eorporis
798 2645 848 2709 sui
870 2651 1052 2712 contectum
1073 2650 1240 2732 permittit,

627 2728 753 2795 taeenti
794 2730 934 2797 lacrimis
970 2735 1069 2816 pedes
1103 2738 1170 2801 eius
1207 2741 1241 2801 et

631 2816 770 2880 eriee'bm
806 2816 974 2902 deterpeete'
1002 2825 1034 2884 et
1062 2822 1240 2906 ⁷eepueeto

630 2900 825 2982 sepulturam
872 2906 975 2985 etesius
1022 2908 1239 2991 reeupereetr'.

630 2985 740 3051 Pudio.
763 3007 792 3051 o.
817 2992 863 3052 ll.
886 3011 917 3072 p.
941 2996 1011 3055 393.

675 3078 703 3136 3.
717 3077 744 3136 7.
777 3072 824 3138 Ne
846 3072 930 3140 forte
952 3076 1079 3142 dicatur
1107 3078 1238 3161 quod..

631 3157 727 3222 elium
767 3164 882 3241 postea
922 3166 1072 3246 respuenti
1108 3169 1240 3232 senserit

629 3241 776 3325 spiritum
794 3246 881 3328 quod
894 3246 927 3311 in
939 3249 1133 3329 sepulturam
1147 3272 1239 3317 suem

630 3331 1144 3504 1211111122111111·
1168 3342 1241 3488 ee

630 3501 739 3567 electis
761 3502 952 3586 deputatum
973 3527 1073 3589 usque
1096 3509 1138 3573 ed
1157 3509 1240 3576 torte-

630 3587 731 3653 torom
753 3587 908 3671 officium,
937 3593 997 3657 etsi
1018 3594 1082 3658 iem
1102 3595 1237 3675 fraeda»
1263 3636 1268 3649 ·

631 3680 743 3754 terem,
779 3675 970 3743 traditorem
1002 3680 1130 3747 ⁸temen
1157 3703 1238 3748 non-

632 3759 780 3825 dum...
803 3762 906 3827 Anim.
929 3785 955 3829 o.
982 3768 1028 3831 11.
1048 3787 1079 3848 p.
1103 3770 1175 3833 232.

178 3852 228 3915 27.
238 3853 295 3917 28.
312 3850 351 3916 In
362 3853 606 3922 conturbatione

166 3936 259 4001 nimi:
299 3936 346 4003 Et
374 3939 452 4021 quid
478 3941 606 4007 dicem?

166 4019 262 4104 'atem
290 4023 416 4091 salvem
435 4047 484 4093 me
501 4027 554 4110 fae
569 4028 607 4095 de

209 4244 240 4314 6)
263 4243 301 4297 11.
322 4248 381 4300 684.
406 4251 446 4300 red
468 4257 560 4315 propter
583 4246 715 4305 Latinius.
739 4279 774 4293 -
809 4256 839 4325 1)
863 4254 882 4309 l
903 4260 961 4312 814.
984 4264 1091 4326 metenti
1108 4262 1190 4331 Agob.
1208 4294 1237 4302 -

166 4312 222 4373 111.
241 4316 305 4369 ote.
323 4320 413 4370 tanen
431 4314 522 4374 Gelon.
540 4318 613 4374 Pom.

974 4414 1042 4478 18*
