3290 5266
558 534 602 549 -·
644 502 703 565 221
748 538 790 549 -
937 505 1010 576 [Luc
1027 502 1111 570 XVII,
1130 504 1223 560 l-lt.

507 669 584 756 Gap.
605 669 705 738 XVII.
829 729 834 735 .

658 818 685 878 1.
700 817 730 880 2.
760 813 938 882 Conversus
967 814 1086 880 ibidem
1112 813 1157 881 ad
1176 815 1223 880 ct·-

612 900 759 982 scipuioa
789 900 854 968 Vae
882 903 958 968 dicit
987 900 1113 966 auctori
1133 920 1224 966 scon·

614 984 778 1067 dcimam
802 987 984 1071 ¹capeda'cse
1004 989 1048 1068 ei,
1077 988 1108 1052 a·
1128 991 1224 1051 actus

613 1073 885 1244 atara
896 1071 1226 1243 coartat

612 1244 648 1308 in
653 1244 861 1327 profundum,
884 1266 979 1329 quam
992 1265 1092 1310 anam
1106 1263 1144 1310 aa
1157 1243 1225 1309 iiico

613 1329 755 1409 modias,
791 1331 904 1414 utique
945 1329 1112 1414 discipulis
1147 1329 1225 1409 eius,

614 1415 870 1484 scandalizasset.
921 1417 1021 1483 Marc.
1044 1416 1098 1482 IV.
1122 1436 1148 1480 o.
1172 1419 1223 1480 35.

615 1522 636 1584 p
698 1587 843 1672 Agnosce
864 1587 962 1672 igitur
984 1593 1016 1653 ot
1038 1586 1175 1654 iudicem
1192 1593 1226 1654 ot

613 1671 667 1738 illo
683 1671 799 1739 affectu
814 1675 1075 1758 pronuntiantem
1094 1673 1134 1739 de
1147 1694 1226 1740 cura

614 1780 745 1825 suorum
766 1780 905 1843 quo...
926 1759 1025 1826 Maro.
1047 1759 1100 1826 IV.
1123 1780 1151 1825 c.
1174 1764 1224 1825 35.

613 1867 687 1997 p3.
730 1929 915 1998 Peccantem
959 1932 1092 2014 fratrem
1136 1930 1226 1996 iubet

615 2019 749 2100 campi:
784 2016 871 2101 quod
912 2018 969 2100 qui
1006 2039 1070 2084 uon
1105 2015 1224 2097 fecerit,

614 2105 727 2186 utiquo
749 2103 900 2187 deliquit,
937 2108 994 2168 sut
1014 2125 1055 2169 ex
1076 2104 1150 2170 odio
1172 2124 1226 2168 ro·

614 2188 684 2255 lens
712 2189 844 2254 stanam
871 2189 904 2254 in
934 2188 1052 2255 delicto
1079 2210 1225 2274 persore-

614 2295 688 2343 rare
717 2279 774 2340 aut
801 2296 841 2341 ex
862 2275 1048 2359 acceptioue
1069 2294 1225 2359 personae

614 2381 751 2445 parcens
784 2361 825 2430 ei.
875 2361 974 2428 Maro.
995 2361 1048 2427 IV.
1075 2382 1100 2427 a.
1120 2366 1170 2430 35.
1193 2382 1225 2445 p.

657 2531 754 2619 aut
781 2534 906 2599 vaniora
926 2532 1004 2600 'dcc
1025 2531 1119 2599 fratri
1139 2535 1175 2599 in
1196 2538 1226 2598 ta

616 2618 809 2702 delinquenti
833 2618 939 2699 iubet,
977 2618 1074 2685 otiam
1103 2620 1225 2702 septica

615 2703 714 2771 Marc.
737 2703 790 2771 IV.
813 2725 840 2773 c.
864 2708 914 2773 35.
937 2727 968 2789 p.
993 2710 1062 2771 332.

659 2795 687 2855 7.
713 2795 743 2856 8.
771 2790 990 2874 Irreligiosum
1010 2796 1060 2856 est
1082 2795 1158 2857 ante
1179 2789 1195 2855 s
1213 2828 1226 2839 -

615 2875 775 2942 mulorum
786 2897 916 2943 carnem
925 2876 1116 2961 refrigerare
1129 2897 1226 2960 quam

616 2960 748 3031 domini.
791 2963 893 3031 Ieiun.
916 2984 941 3028 o.
967 2968 1015 3030 10.
1038 2985 1070 3047 p.
1093 2967 1168 3029 409.

661 3052 796 3114 12-14.
825 3047 892 3114 Lex
913 3049 1105 3133 leprosorum
1126 3069 1227 3132 quan·

616 3138 668 3200 tae
697 3134 738 3199 sit
759 3135 1033 3218 interpretationis
1055 3156 1133 3219 erga
1154 3156 1226 3219 spe·

616 3219 681 3285 cies
713 3220 815 3305 ipsius
843 3221 910 3285 vitii
932 3227 966 3286 et
985 3221 1226 3307 inspectationis

617 3306 734 3372 summi
757 3306 951 3387 sacerdotis,
986 3315 1134 3373 nostrum
1165 3306 1228 3373 crit

617 3392 790 3463 seire...
821 3392 859 3457 In
879 3396 1040 3461 curatiore
1060 3395 1163 3460 decan
1184 3393 1226 3459 ie·

611 3498 781 3561 procorum
815 3497 893 3563 paroc
926 3480 1146 3546 tantummodo
1179 3482 1230 3544 irc

616 3564 737 3645 iussos,
758 3571 795 3631 ut
815 3585 849 3631 sc
869 3567 1064 3633 ostenderent
1084 3566 1226 3632 5555555-

616 3649 715 3731 tibuo,
750 3654 786 3717 ic
818 3653 931 3718 itincre
956 3646 1122 3738 perparuit,
1158 3652 1227 3741 sine

615 3740 707 3802 tactu
734 3736 799 3803 iam
827 3743 861 3803 et
892 3739 960 3804 sine
980 3736 1092 3820 verbo,
1127 3734 1228 3804 tacita

639 3827 777 3890 otestate
793 3822 1094 3892 otsolaroluntata
1124 3823 1225 3890 Marc.

662 3928 717 3972 ,5.
739 3913 789 3974 35.
813 3930 845 3993 p.
867 3913 928 3974 332
941 3931 988 3994 sq.

184 3997 234 4067 lt·
274 3993 466 4080 Praecepit:
532 3993 590 4077 ite,
663 3999 712 4064 14.
732 3994 890 4073 Quoniam
910 3996 981 4081 ipse
1003 3999 1074 4062 erat
1094 3993 1227 4060 authen·

141 4080 287 4148 mauce
326 4100 383 4149 coe
424 4080 591 4149 sacerdoct-
616 4078 700 4145 ticus
715 4082 861 4165 pontifea
883 4081 935 4148 dei
957 4082 1067 4167 patris,
1088 4081 1228 4169 inspexit

143 4226 341 4241 Ο*

205 4306 234 4377 ι)
250 4304 287 4363 u
305 4306 366 4362 ru.
382 4309 508 4376 555555
524 4306 616 4364 ceren
634 4338 669 4350 -
701 4308 733 4379 2)
750 4305 785 4362 11.
803 4310 862 4365 asa.
881 4313 918 4363 aa
934 4307 1018 4365 aneu
1036 4308 1056 4364 ι
