3290 5266
567 495 612 509 ..
656 460 715 524 159
759 494 802 509 ..
1012 456 1232 529 [Luc.11‚1-t.

621 628 805 695 sedebamus
824 631 861 695 ia
881 629 1017 696 tenebas
1031 638 1060 698 eb
1072 634 1107 697 e'a
1120 634 1233 699 ambra

621 714 739 883 {baffi
743 714 785 864 ‘⁸⁶
793 712 1023 781 detinebamur.
1062 717 1131 783 Iud.
1153 739 1180 785 e.
1204 722 1232 783 6.

559 1088 636 1175 Cap.
658 1090 699 1157 Π.

665 1233 693 1298 1.
711 1232 741 1295 2.
767 1228 884 1295 ¹Aufer
922 1228 998 1295 hino
1013 1277 1045 1296 ..
1081 1231 1233 1299 molestos

620 1334 746 1398 semper
778 1313 928 1382 Caesam
965 1336 1084 1383 aenas.
1137 1317 1231 1385 Oarn.

621 1420 648 1468 a.
671 1406 701 1466 2.
747 1405 852 1467 .343.

730 1486 830 1553 'eneas
873 1490 998 1551 constat
1040 1492 1130 1553 arbos
1170 1489 1231 1554 sub

618 1572 763 1658 Aepuao
790 1574 900 1637 'nnnc
920 1572 954 1637 iu
976 1571 1152 1638 ⁸Iudaeam
1172 1595 1231 1658 per

620 1657 764 1724 Sentium
792 1657 1007 1724 Saturninum.
1057 1658 1155 1726 Mara.
1176 1659 1230 1724 IV.

619 1764 647 1810 ο.
671 1749 720 1810 19.
743 1765 774 1828 p.
796 1747 868 1810 261.

704 1829 784 1896 Tam
805 1828 959 1894 distincta
980 1827 1043 1894 fuit
1064 1828 1231 1914 aprimor-

620 1913 672 1980 dio
695 1915 829 1982 ·ludaea
865 1934 942 1998 gens
976 1935 1035 1998 per
1063 1915 1166 1980 tribus
1197 1922 1231 1981 et

619 2000 755 2084 populos
779 2005 812 2066 eb
832 1999 972 2066 familias
996 2001 1171 2081 ebdomas,
1193 2006 1230 2066 ut

620 2106 714 2152 nemo
752 2086 846 2153 facile
873 2086 1015 2169 ignorari
1044 2086 1083 2153 de
1114 2107 1229 2170 genere

619 2172 791 2256 potuisset,
825 2169 876 2236 vel
898 2171 938 2237 de
958 2172 1139 2239 recentibus
1160 2175 1229 2239 Aa·

617 2261 778 2343 madonis
815 2259 975 2341 cenabo,
1011 2258 1117 2324 adhuc
1151 2264 1230 2324 tuno

618 2345 757 2410 fortasse
782 2342 1007 2428 pendentibus.
1050 2345 1152 2410 Maro.
1177 2345 1230 2410 IV.

620 2451 647 2497 o.
670 2434 721 2495 36.
742 2451 774 2515 p.
796 2433 869 2496 340.
1151 2443 1154 2451 ’

641 2515 726 2583 ..de
747 2535 841 2583 renea
856 2564 888 2583 ..
911 2515 1051 2601 depasti
1072 2535 1167 2598 quem
1181 2521 1229 2582 te·

620 2607 702 2669 stem
729 2600 946 2667 fidelissimum
974 2600 1152 2668 dominicae
1173 2624 1230 2669 na·

619 2687 756 2753 tivitatis
787 2688 934 2752 Romana
965 2686 1096 2752 archiva
1125 2694 1230 2755 custo-

620 2774 720 2841 diunt.
763 2773 862 2838 Maro.
884 2772 939 2842 IV.
962 2793 988 2837 c.
1010 2778 1038 2837 7.
1060 2794 1091 2857 p.
1114 2778 1185 2839 200.

662 2865 690 2926 4.
712 2864 741 2924 s.
763 2859 886 2927 uuit..
915 2858 954 2927 a
967 2862 1081 2942 paea
1102 2859 1228 2927 Baebe-

618 2945 688 3014 bem
722 2949 756 3011 eb
792 2945 831 3012 de
861 2946 951 3012 dam
985 2944 1108 3028 David,
1145 2947 1230 3011 sicut

618 3032 706 3116 apud
720 3032 880 3097 Romanos
902 3032 937 3096 in
960 3051 1056 3096 censu
1074 3032 1175 3099 deseri
1195 3038 1229 3098 ba

617 3122 667 3185 est
690 3116 814 3196 Maria,
837 3138 877 3183 ex
898 3137 964 3202 qua
984 3116 1128 3183 nasoibur
1140 3054 1229 3184 ciri-

617 3209 698 3270 sbus.
740 3203 811 3268 Iud.
834 3224 860 3269 a
884 3209 915 3268 9.
938 3224 971 3287 p.
992 3206 1065 3270 311.

661 3296 690 3355 7.
713 3288 837 3354 ¹Aufer
850 3336 859 3352 .
874 3335 905 3354 ..
923 3294 956 3354 et
978 3290 1150 3356 diversoria
1172 3311 1229 3356 an·

617 3382 712 3460 gusta
727 3380 760 3440 et
773 3374 922 3441 sordidos
943 3376 1090 3459 ⁴paaaos
1101 3381 1133 3442 eb
1147 3375 1229 3442 dura

610 3462 789 3544 praesepia.
835 3461 929 3528 Cera.
954 3481 980 3528 o.
1003 3466 1034 3526 2.
1057 3483 1089 3545 p.
1112 3466 1185 3527 343.

701 3547 786 3626 Quid
807 3546 912 3631 magis
927 3546 1227 3614 erubescendum...

614 3636 651 3700 ia
665 3653 819 3718 praesepe
837 3632 952 3716 deponi
973 3654 1016 3699 an
1036 3634 1072 3699 in
1094 3635 1229 3700 ⁶monu-

133 3758 336 3772 ᾒ-ι

194 3828 238 3895 ab)
264 3829 425 3881 detinebamur
446 3825 534 3883 Vatia
556 3824 629 3883 Pam.
651 3824 684 3880 Ri
703 3865 709 3878 .
727 3828 881 3879 detinebamur
897 3827 994 3877 oriretur
1009 3827 1086 3876 temen
1101 3821 1188 3878 Rhen·
1207 3825 1228 3876 1.

133 3889 207 3964 ΒΨ.
225 3895 325 3952 Gelen.
346 3899 500 3949 detinebamur
516 3900 612 3950 oriretur
628 3895 652 3950 F
653 3841 707 3949 ald.
717 3895 755 3963 (1)
773 3924 807 3934 -
844 3893 872 3960 1)
889 3896 921 3951 11,
931 3894 989 3948 aab.
1007 3896 1084 3958 ansere
1100 3891 1228 3948 laurent.

133 3958 252 4033 biantirp.
272 3970 372 4031 antam
388 3963 472 4019 Rhen.
490 3967 512 4020 Ι.
530 3965 559 4019 in
575 3979 659 4033 marg.
678 3993 712 4003 -
745 3965 772 4033 2)
789 3962 823 4018 lL
841 3966 900 4016 2⁰6.
918 3980 978 4016 aare
994 3962 1081 4017 Rhen.
1101 3963 1123 4020 1.
1141 3963 1227 4034 Gngn.

133 4028 213 4089 belen.
232 4035 312 4091 Pam.
331 4033 394 4102 Rig.
414 4033 471 4091 cod.
489 4032 594 4090 Pithoei
613 4040 644 4100 (e
664 4070 671 4087 .
688 4031 771 4100 Rip).
791 4042 844 4085 aare
861 4031 908 4088 Fr.
923 4031 1010 4088 latin.
1027 4031 1063 4085 Ie.
1076 4030 1227 4092 casaubon.

133 4128 157 4141 -
180 4109 218 4158 031
244 4108 358 4159 adama
381 4100 465 4159 Rhea.
492 4106 511 4159 Ι.
535 4102 619 4173 Gagn.
683 4101 735 4155 len.
758 4101 833 4157 Pam.
857 4099 916 4156 aod.
940 4100 1047 4157 Pithoei
1071 4105 1124 4170 (ap.
1148 4104 1228 4174 Rip).

133 4169 204 4225 bdaea
227 4173 290 4243 Rig.
317 4171 461 4226 101111-
494 4172 525 4240 4)
542 4172 575 4228 ΙΙ.
601 4175 659 4227 aab.
682 4189 755 4238 panor
772 4171 856 4239 Agob.
875 4169 978 4238 (11110.)
1000 4199 1030 4209 -·
1067 4173 1097 4235 5)
1115 4173 1148 4230 11.
1168 4178 1226 4229 aab.

133 4244 258 4298 uadum
275 4242 368 4314 Agob.
385 4250 527 4295 momenta
543 4240 602 4311 Rig.
620 4249 786 4295 manaem
805 4238 880 4308 reliq.
899 4255 960 4294 enm
976 4238 1104 4311 Montiep.
