2742 5248
354 518 391 533 -
438 488 499 549 525
542 518 586 539 ...
726 484 837 554 [amm
854 483 899 551 lv,
919 480 1010 541 t-ic.

51 656 223 739 decertavi,
249 675 376 722 ccccm
445 658 473 716 7.
496 658 525 718 8.
563 652 616 721 Sic
651 661 684 722 et
711 677 840 742 cpooem
866 656 1012 740 intellegi

28 746 139 823 mcci,
159 741 254 825 fidem
275 747 375 809 casto-
401 739 432 780 ¹¹
452 739 536 823 capit
574 743 835 825 persecutionem
888 744 916 807 A
948 763 1011 825 quo

62 835 207 911 superest
263 846 377 895 cuono
401 826 597 893 ”certamen
624 827 775 909 edicitur,
809 829 871 894 nisi
898 848 919 893 a
946 848 1010 912 quo

36 914 121 980 melei
147 915 291 981 domim
315 913 376 980 illa
401 931 516 977 cormac
541 916 573 976 et
600 914 743 996 praemia
764 914 1011 999 proponuntur?

28 1000 99 1067 ldet.
122 999 375 1085 Scorp.c.13ex
401 986 479 1082 Fug.
503 1017 528 1063 c.
554 1003 569 1061 1
593 998 675 1065 med.

490 1082 627 1151 Decertc
648 1089 681 1150 et
696 1091 734 1150 tu
747 1086 860 1152 bonum
874 1105 1011 1171 agonem

402 1168 491 1234 cuius
513 1189 659 1237 emonam
680 1177 714 1238 et
734 1171 900 1255 apostolus
920 1191 1014 1254 repo-

402 1254 499 1320 sitam
520 1254 581 1319 sibi
604 1256 718 1323 merito
740 1256 919 1324 ”confidit
955 1256 1013 1323 Oo-

401 1360 471 1406 ron.
492 1362 518 1406 c.
544 1346 582 1408 15
604 1344 648 1412 in.
994 1350 1000 1361 '

488 1427 616 1496 Booten
660 1450 790 1515 cpoocm
831 1428 1014 1495 “subtura

403 1512 494 1594 ostis,
529 1513 564 1579 in
594 1535 656 1599 quo
690 1512 900 1599 agonothetes
934 1513 1012 1579 deus

402 1597 490 1664 virus
512 1604 569 1680 est,
591 1601 779 1685 xystarches
794 1599 925 1684 spiritus
940 1620 1012 1665 san·

403 1688 488 1765 ctus,
509 1704 624 1752 corona
645 1689 678 1730 ²³
685 1685 885 1753 aeternitatis
907 1686 1013 1751 ²⁶bra-

402 1768 489 1835 bium
510 1771 675 1855 angelicae
696 1771 913 1852 substantiae,
935 1771 1015 1855 poli·
1130 1796 1133 1803 ⁴

402 1855 451 1921 tia
477 1855 511 1920 in
540 1857 653 1941 caelis,
687 1859 792 1942 gloria
819 1858 853 1922 in
883 1856 1014 1923 saecula

402 1941 611 2008 saeculorum.
654 1945 768 2030 Itaque
789 1944 943 2028 epistates
961 1964 1013 2008 ve·

402 2032 469 2093 ster
502 2027 648 2095 Christus
681 2032 787 2110 Iesus,
825 2030 880 2112 qui
917 2031 1014 2095 17ιοε

403 2114 521 2197 spiritu
541 2119 634 2181 unxit
649 2121 681 2182 et
693 2116 736 2183 ad
750 2117 812 2182 hoc
833 2118 1014 2182 ²⁸scamma

403 2199 610 2299 ²⁹produxit,
636 2202 735 2300 voluit
756 2223 811 2269 vos
833 2201 1014 2301 antediem

403 2287 1014 2469 uttrttttttttttttt

404 2460 441 2520 ut
459 2476 543 2522 rrrcs
565 2457 850 2525 corroborarentur
863 2459 897 2523 in
912 2458 1013 2524 vobis.

404 2541 526 2625 Nempe
559 2543 643 2608 enirn
675 2548 708 2610 et
737 2543 877 2611 athletae
909 2563 1014 2627 segre·

404 2631 521 2712 gantur
541 2627 584 2695 ad
598 2629 787 2695 strictiorem
802 2629 1014 2713 disciplinam,

405 2719 443 2778 ut
455 2713 563 2779 robori
577 2714 775 2782 aedificando
788 2721 917 2782 vacent:
940 2734 1014 2779 con-

404 2800 549 2866 tinentur
576 2822 597 2867 a
626 2801 770 2883 luxuria,
805 2823 825 2868 a
847 2801 928 2868 cibis
950 2799 1015 2866 lae·

404 2884 561 2968 tionibus,
613 2909 634 2953 a
682 2893 763 2974 potu
816 2886 1014 2953 iucundiore.

405 2970 587 3056 Coguntur,
608 2975 799 3054 cruciantur,
821 2971 1013 3057 fatigantur:

406 3062 528 3141 quanto
562 3059 635 3142 plus
665 3058 698 3124 in
732 3057 1013 3125 exercitationibus

403 3143 631 3227 laboraverint,
652 3150 742 3211 tanto
762 3144 836 3229 plus
858 3145 898 3211 dc
918 3143 1015 3210 victo·

404 3229 454 3295 ria
474 3235 613 3314 sperant.
656 3231 752 3299 Mart.
775 3252 802 3297 c.
826 3236 854 3297 3.

449 3320 497 3383 13.
525 3315 601 3382 Plus
630 3323 678 3384 est
705 3316 793 3402 quod
813 3321 847 3383 et
869 3315 1013 3383 Christus

407 3401 614 3485 ⁸⁰restietur;
649 3403 783 3491 habebit¹
815 3403 913 3469 etiam
940 3424 1014 3490 pce-

405 3486 516 3555 oulcm
534 3488 662 3556 Paulus.
707 3488 821 3556 (loron.
843 3511 866 3556 c.
889 3494 909 3555 8
931 3490 973 3555 in

491 3573 582 3653 Quod
610 3576 723 3660 utique
745 3576 808 3642 ⁸¹si
828 3574 899 3641 fieri
920 3597 1014 3659 opor·

406 3665 503 3742 teret,
539 3662 729 3748 ⁸²apostoli,
763 3662 819 3747 qui
840 3661 882 3727 de
901 3661 1015 3729 habitu

28 3947 37 4004 l
61 3944 81 4001 L
99 3948 159 4002 463.
183 3950 241 4014 cepit
256 3942 382 4001 laurent
400 3972 435 3985 -·
460 3944 504 4010 22)
522 3951 633 3998 mames
649 3944 732 3998 dicitu
748 3940 832 3999 Rham
853 3942 873 3999 I.
896 3948 1016 3998 tanmem

30 4010 156 4070 laurent
178 4044 212 4056 -
247 4016 291 4083 23)
315 4015 413 4072 [455.
430 4018 521 4080 obfide
537 4013 664 4069 lauram.
680 4042 715 4054 —
749 4013 829 4079 tell
850 4018 889 4068 10.
919 4019 1015 4067 actori

28 4085 124 4138 ebdacos
146 4084 223 4153 reliq.
249 4114 284 4124 -
324 4085 370 4164 25)
394 4088 514 4140 aeternitas
536 4081 595 4152 Rig.
620 4111 653 4123 -
693 4082 740 4151 96)
765 4086 867 4135 bovium
890 4084 904 4137 ³
928 4082 1014 4139 Vatia.

29 4149 48 4203 1·
75 4183 106 4194 -
147 4156 194 4218 27)
217 4171 258 4207 coe
282 4152 408 4222 Mnglub.
432 4182 463 4193 —
499 4155 542 4216 28)
559 4170 666 4219 scampno
746 4151 809 4207 liab.
833 4178 865 4190 -
900 4153 946 4217 29)
962 4172 1014 4220 per·

28 4219 133 4290 hgliab.
150 4252 184 4263 -
219 4221 587 4291 30)1.436.oneuorAgob.
606 4249 640 4260 —
675 4222 717 4287 31)
775 4222 832 4277 bct.
847 4225 898 4289 fieri
917 4232 1017 4291 oportere

29 4303 49 4345 a
71 4322 105 4333 —
144 4293 191 4364 32)
211 4295 308 4361 oportet
325 4310 383 4360 pace
398 4290 482 4362 degn
505 4295 648 4362 apostolique
662 4289 746 4361 Agob.
