2874 5262
560 559 775 622 ...21-

110 719 273 788 friiheren
301 723 372 789 Zeit
400 724 587 810 angehbrig,
616 724 664 792 als
693 726 745 792 die
774 726 818 793 de
839 726 943 810 Fuga
968 727 1007 791 in
1026 725 1218 791 Persecu-

111 825 242 891 tione.

112 925 205 992 VIII.
251 928 349 994 Ieiun.
373 950 399 995 c.
426 936 452 994 1.
476 953 505 1016 p.
528 937 608 998 390:
636 933 685 999 De
706 932 802 998 modo
825 930 955 1016 quidem
984 928 1126 996 nubendi
1153 928 1216 993 iam

273 1031 432 1100 edidimus
454 1037 676 1119 monogamiae
699 1035 925 1102 defensionem.

206 1133 250 1198 Es
279 1133 325 1200 ist
351 1136 467 1202 mithin
495 1138 541 1204 de
563 1137 831 1224 Monogamia
863 1137 973 1204 iriiher
999 1133 1218 1220 gesohrieben,

112 1236 167 1301 uls
192 1236 240 1302 de
261 1236 424 1305 Ieiuniis
444 1240 633 1306 adversus
653 1241 869 1327 Psyobicos.

109 1338 174 1405 DL
220 1340 350 1406 Resurr.
375 1347 460 1408 cI:
483 1343 592 1410 Habet
578 1347 646 1408 tet
667 1343 730 1409 iste
747 1345 922 1429 (Lucanus)
947 1365 967 1410 a
988 1342 1081 1407 nobis
1102 1287 1219 1426 plenis·

274 1443 387 1510 simum
412 1445 452 1511 de
473 1447 559 1511 omni
581 1452 669 1513 statu
690 1449 818 1514 animae
840 1448 965 1527 stilum,
989 1465 1085 1529 quem
1119 1442 1219 1527 inpri-

274 1547 334 1614 mis
356 1546 569 1615 immortalem
591 1555 728 1630 tuentes,
749 1552 847 1617 solius
870 1550 977 1616 carnis
1007 1554 1040 1614 et
1067 1545 1219 1612 defectio·

274 1671 346 1716 nem
369 1652 571 1736 agnoscimus
595 1659 627 1719 et
646 1654 850 1721 refectionem
874 1674 946 1719 cum
968 1651 1105 1717 maxime
1127 1648 1219 1714 adse-

274 1753 383 1821 rimus.
406 1791 449 1804 -
478 1775 504 1821 c.
530 1759 568 1820 17
578 1779 585 1820 :
615 1756 682 1823 Nos
712 1763 820 1824 autem
850 1757 991 1822 animam
1020 1752 1219 1836 corporalem

274 1862 308 1923 et
335 1857 389 1923 hic
417 1857 606 1942 profitemur
634 1859 727 1924 etin
756 1881 813 1925 suo
843 1858 1004 1924 volumine
1034 1856 1218 1941 probamus,

276 1957 448 2026 habentem
478 1962 643 2045 proprium
678 1982 777 2045 genus
806 1961 1006 2028 substantiae
1036 1958 1218 2037 soliditatis,

273 2084 449 2147 perquam
472 2063 551 2148 quid
571 2069 606 2131 et
627 2064 747 2130 sentire
769 2069 801 2130 et
822 2064 891 2150 pati
913 2063 1023 2149 possit
1046 2099 1089 2110 -
1111 2083 1136 2125 c.
1160 2065 1217 2125 45:

274 2165 359 2232 Nam
381 2171 415 2231 et
437 2165 552 2233 exinde
572 2189 593 2232 a
613 2166 839 2235 benedictione
867 2167 1035 2252 geniturae
1065 2187 1141 2232 oaro
1171 2169 1219 2230 at

275 2290 337 2352 que
366 2270 476 2336 anima
497 2269 594 2335 simul
621 2268 704 2336 fiunt
731 2271 800 2336 sine
830 2269 955 2336 calculo
983 2268 1152 2353 temporis,
1183 2274 1220 2333 ut

276 2393 359 2455 quae
389 2372 485 2439 simul
515 2372 549 2437 in
582 2379 676 2439 utero
705 2374 803 2440 etiam
824 2373 1031 2467 seminentur,
1054 2372 1142 2457 quod
1164 2371 1220 2437 do·

274 2472 396 2540 cuimus
431 2477 466 2540 in
494 2477 723 2543 commentario
752 2475 887 2542 animae.
917 2513 958 2526 -
989 2473 1028 2540 cf.
1058 2475 1162 2540 Anim.
1193 2495 1219 2540 e.

275 2581 331 2642 27:
361 2577 463 2644 Simul
490 2578 603 2646 ambas
633 2584 667 2644 et
695 2578 879 2663 concipiet
910 2577 1023 2644 confici
1054 2583 1087 2643 et
1108 2576 1219 2661 perfici

276 2680 418 2763 dicimus,
441 2682 526 2749 siout
548 2687 580 2748 et
600 2680 712 2767 promi,
735 2701 795 2747 nec
814 2680 915 2747 ullum
936 2681 1130 2747 intervenire
1152 2703 1220 2747 mo-

274 2790 415 2850 mentum
437 2785 471 2851 in
491 2791 644 2869 conceptu
668 2804 732 2869 quo
751 2783 840 2849 locus
861 2783 1036 2849 ordinetur.
1270 2782 1271 2785 ’

208 2886 268 2953 Die
284 2885 405 2953 Schriit
426 2888 472 2954 de
493 2888 627 2954 Anime
647 2887 692 2954 ist
713 2886 843 2970 folglioh
866 2886 941 2952 eber
961 2886 1148 2969 verebfasst,
1171 2888 1220 2953 als

112 2993 174 3057 die
197 2988 244 3056 de
267 2989 594 3057 Resurrectione
617 2989 776 3056 Carnis.

112 3095 158 3161 X.
205 3093 303 3161 Marc.
326 3093 351 3159 1.
375 3115 400 3159 e
427 3099 439 3158 l
465 3114 531 3159 eru:
560 3092 623 3160 Sed
645 3092 727 3160 alius
749 3091 875 3158 libellus
905 3091 990 3157 hune
1011 3091 1148 3177 gradum
1170 3113 1220 3157 su-

276 3194 408 3263 stinebit
429 3195 582 3263 adversus
602 3196 796 3277 haereticos,
818 3195 915 3259 etiam
944 3195 1014 3260 sine
1041 3200 1220 3261 retractatu

203 3334 209 3343 ·
278 3298 498 3365 doctrinarum
521 3299 739 3379 revincendos,
768 3297 862 3381 quod«
878 3296 941 3363 hoo
961 3297 1027 3364 sint
1055 3297 1096 3363 de
1125 3319 1219 3382 prae·

276 3400 452 3484 scriptione
471 3403 633 3468 novitatis.

210 3504 385 3570 Tertullian
405 3503 464 3569 hat
482 3503 597 3570 mithin
619 3505 817 3571 adversus
833 3503 1087 3570 Marcionem
1108 3505 1133 3570 I.
1156 3503 1222 3570 fru-

115 3610 184 3676 her
204 3607 420 3691 geschriebeu,
444 3607 492 3674 als
514 3608 561 3673 de
581 3607 896 3691 Praescriptione
918 3607 1221 3673 Haereticornm.

114 3711 178 3779 XI.
223 3708 373 3796 Hermog.
395 3732 421 3776 c.
447 3711 546 3777 lin:
570 3709 714 3777 Solemus
739 3709 913 3776 haereticis
944 3710 1122 3794 compendii
1152 3732 1223 3795 gra

277 3814 325 3878 tia
346 3814 386 3880 de
408 3813 599 3898 posteritate
620 3814 851 3896 praescribere.

208 3917 270 3982 Die
292 3915 413 3982 Sohrift
443 3917 487 3982 de
515 3916 830 4000 Praescriptione
858 3915 1153 3983 Haereticorum
1182 3918 1225 3983 ist

112 4044 180 4090 ror
203 4020 263 4087 der
286 4018 469 4085 adversus
492 4020 767 4104 Hermogenem
788 4020 936 4087 uerisset.

115 4125 195 4195 XII
243 4123 337 4189 Garn.
360 4141 386 4187 o.
410 4127 430 4187 2
451 4144 514 4188 en:
545 4121 608 4188 Sed
628 4121 754 4206 plenius
784 4123 940 4190 eiusmodi
965 4122 1225 4208 praescriptioni-

277 4225 340 4291 bus
363 4223 530 4290 ·adrersus
561 4246 671 4291 omnes
710 4225 860 4293 haereses
893 4226 969 4293 alibi
999 4227 1065 4291 iam
1094 4225 1144 4290 usi
1171 4247 1222 4290 su-

278 4348 359 4393 mus.
388 4364 432 4376 -
461 4347 487 4392 o.
517 4332 551 4393 8:
580 4326 736 4413 Angelum
759 4331 917 4413 quendam
947 4327 1091 4394 inclitum
1120 4327 1221 4393 nomi·
