3290 5266
578 512 619 525 ..
666 478 724 539 199
766 511 811 525 ..
963 473 1036 544 [Lne.
1050 471 1109 539 XII,
1130 473 1240 528 tt-ts.

188 1418 238 1479 20.
249 1413 364 1480 Divitis
380 1464 388 1480 .
404 1461 434 1481 ..
456 1416 508 1481 eni
524 1415 602 1482 deus

148 1498 238 1564 dicit:
277 1499 393 1582 Stulte,
430 1501 490 1567 tae
516 1509 604 1569 reete

148 1588 286 1651 emmam
317 1592 406 1652 tuem
435 1593 602 1670 reposcent.

153 1672 352 1754 werten
358 1674 496 1755 parasti,
520 1675 604 1740 ¹⁸eu·

147 1759 196 1822 ius
221 1757 339 1824 met?
381 1757 481 1825 Mare.
502 1758 554 1826 IV.
577 1781 603 1824 e.

149 1847 194 1909 28.
216 1864 247 1928 p.
274 1848 345 1909 308.

185 1932 236 1994 22
266 1927 497 1996 Praemiserat:
535 1933 602 1998 No-

147 2013 198 2082 lite
226 2015 266 2082 de
295 2018 432 2084 martino
459 2019 601 2103 crepitare,

146 2101 221 2253 eucig
247 2101 361 2171 edatis,
415 2101 504 2169 Orat
525 2123 551 2168 e
574 2109 602 2170 6.

145 2207 175 2269 p.
227 2207 279 2271 sq.

630 665 776 724 suorum,
806 642 857 707 eni
879 642 957 709 (lens
978 643 1104 709 dicit..
1141 643 1240 713 Marc.

628 731 953 812 Naffipm.

674 819 825 882 16-20.
870 814 931 892 Qni
970 815 1018 880 rei
1051 814 1240 898 parabolem

629 922 757 987 quoque
794 899 1044 966 accommodavit
1071 899 1160 966 illius
1186 900 1237 966 lae

627 990 724 1054 minis
755 986 809 1070 qui
844 985 1144 1069 1⁴provenientibus
1170 986 1239 1069 frat-

628 1074 729 1140 eteius
749 1070 989 1155 ampliationem
1010 1072 1191 1138 horreorum
1207 1076 1240 1136 et

627 1160 744 1242 longae
773 1158 954 1223 securitatis
984 1157 1091 1242 spatia
1119 1156 1240 1240 eogita-

627 1245 687 1310 vit:
712 1245 740 1311 is
761 1247 834 1327 ipsa
855 1249 942 1310 necte
962 1244 1104 1311 moritur.
1149 1241 1238 1309 Orat.
1367 1338 1370 1345 .

628 1335 816 1415 sapt

672 2271 722 2333 22.
746 2271 797 2334 23.
828 2266 906 2345 Quis
927 2266 1030 2332 nollet
1050 2286 1160 2333 eurem
1179 2288 1239 2333 nos

629 2375 720 2506 Zeto
746 2356 873 2420 animae
902 2353 940 2420 de
959 2355 1043 2418 ntea
1063 2357 1098 2417 et
1118 2355 1240 2436 corpori

695 2442 822 2520 vestitu,
859 2439 920 2504 nisi
950 2438 1004 2522 qui
1034 2439 1098 2503 ista
1117 2437 1240 2504 homini

630 2530 705 2591 ante
738 2524 908 2608 prospexit
941 2530 974 2588 et
1009 2522 1125 2589 exinde
1148 2544 1241 2608 prae-

629 2616 719 2677 stans
748 2611 861 2677 merito
891 2629 1001 2675 euram
1028 2629 1138 2674 eorum
1167 2615 1239 2675 tan·

629 2717 726 2781 quam
754 2695 913 2762 aemulam
934 2694 1142 2761 liberalitatis
1163 2716 1240 2760 suas

628 2781 799 2882 prehibet?
847 2781 908 2861 Qui
956 2785 990 2846 et
1025 2780 1240 2847 substantiam

575 2909 582 2926 ·
628 2889 728 2952 rpsrus
755 2870 882 2934 animae
909 2866 1158 2933 accommodavit
1179 2887 1239 2950 pe·

143 4124 351 4135 .—.--—-·—-

212 4190 261 4258 re)
279 4188 315 4242 m
333 4186 392 4239 rer.
411 4190 449 4240 es
464 4183 550 4241 men.
568 4217 602 4228 -

145 4259 188 4329 rt)
204 4259 241 4317 11
259 4260 322 4316 211.
335 4259 401 4326 aa
416 4252 502 4312 aton
518 4253 539 4312 1.

627 2957 737 3021 tierem
770 2973 842 3020 esea
874 2958 909 3019 et
937 2952 1107 3018 materiam
1136 2952 1240 3036 ipsius

629 3042 768 3123 eorporis
789 3038 940 3122 figuravit
955 3040 1109 3121 potiorem
1122 3039 1239 3105 tunica.

629 3125 728 3192 Mare.
750 3125 804 3190 IV.
827 3146 853 3189 s.
876 3129 926 3191 28.
949 3146 980 3208 p.
1004 3128 1075 3190 308.

671 3215 723 3276 24.
751 3210 847 3276 Cuius
869 3215 904 3278 et
931 3212 1016 3277 cervi
1042 3231 1106 3276 nee
1132 3215 1241 3277 amnt

628 3317 684 3363 nee
708 3303 828 3364 meunt
848 3317 904 3362 nee
923 3296 958 3362 in
980 3295 1145 3378 apothecas
1166 3316 1241 3360 eon·

629 3382 710 3448 dunt
742 3388 771 3449 et
798 3387 906 3447 tamen
936 3381 1069 3447 aletur
1096 3381 1136 3447 ab
1162 3383 1240 3465 epae.

629 3467 729 3534 Mare.
752 3467 805 3533 IV.
829 3487 855 3533 e.
880 3472 930 3532 29.
950 3488 983 3550 p.
1005 3470 1075 3532 308.

673 3559 723 3618 24.
747 3557 797 3618 27.
834 3553 906 3618 Non
935 3551 1003 3618 vult
1025 3552 1065 3617 de
1087 3552 1241 3619 eiusmodi

629 3639 750 3705 frivolis
790 3639 927 3722 cogitari
963 3638 1003 3703 de
1037 3638 1152 3721 quibus
1182 3658 1242 3704 nee

630 3727 714 3792 cerei
743 3745 803 3791 nec
831 3724 906 3791 lilia
932 3724 1092 3792 laborent.
1140 3723 1240 3792 Marc.

630 3810 1013 3895 Newpmss
1241 3842 1249 3857 ·

675 3902 725 3962 24.
739 3901 789 3964 27.
802 3901 853 3963 28.
874 3895 952 3975 Quis
973 3897 1035 3963 hoe
1056 3894 1243 3961 mandasset

631 3983 693 4048 nisi
716 3984 772 4067 qui
794 3990 826 4048 et
846 4004 952 4049 cereos
979 3982 1077 4048 ¹⁶alit
1098 3987 1131 4048 et
1149 3982 1242 4066 fleres

639 4186 722 4257 14)1.
742 4188 799 4242 tet.
815 4205 859 4256 pre
874 4191 1011 4243 antestitem
1029 4187 1074 4245 Fr.
1092 4186 1195 4242 Iunius.
1208 4218 1243 4230 -
