2874 5262
493 476 710 545 -23-

138 649 184 717 Es
206 646 279 715 sind
298 646 413 715 mithiu
435 646 488 715 die
521 649 611 717 drei
640 657 779 719 ersten
804 652 931 720 Biicher
958 649 1151 719 adversus

62 755 302 822 Marcionem
321 773 378 819 ror
399 751 446 820 de
466 752 788 824 Resurrectione
810 758 955 825 Carnis
982 755 1151 840 niederge·

60 856 232 924 sehrieben

57 995 153 1064 XVII.
199 993 292 1061 Cam.
314 1014 341 1059 o.
368 999 402 1059 7:
424 992 546 1059 Audiat
571 994 672 1080 igitur
692 999 727 1063 et
746 997 876 1081 Apelles
907 996 986 1081 quid
1016 998 1081 1063 iam
1101 1018 1151 1062 re·

205 1119 358 1185 sponsum
380 1096 465 1163 sita
485 1096 581 1164 nobis
603 1097 760 1167 Marcioni
780 1121 818 1166 eo
839 1100 953 1190 libello,
972 1121 1035 1184 quo
1057 1120 1151 1165 evan-

205 1200 322 1286 gelium
343 1201 444 1286 ipsius
466 1201 719 1283 provocavimus,
741 1203 1008 1269 considerandam
1028 1202 1151 1268 scilicet

204 1305 376 1371 materiam
402 1303 672 1389 pronuntiationis
700 1306 804 1373 istius.
834 1344 875 1357 -
905 1306 942 1372 ct
972 1306 1073 1373 Marc.
1095 1305 1148 1371 IV.

204 1413 312 1475 c.19:
346 1407 501 1474 Venimus
530 1409 573 1476 ad
600 1409 897 1476 constantissimum
924 1412 1150 1493 argumentum

203 1511 346 1577 omnium
377 1510 433 1595 qui
455 1510 575 1577 domini
604 1511 806 1579 nativitatem
833 1512 868 1578 in
899 1512 1149 1579 controversiam

202 1613 351 1682 deferunt
373 1620 436 1682 etc.
459 1614 523 1699 (bis
545 1636 618 1680 zum
640 1614 792 1681 Schlusse
813 1613 872 1681 des
895 1614 998 1702 Gap).

131 1718 195 1785 Die
215 1716 401 1802 Absassnng
423 1716 480 1785 des
501 1717 799 1785 viertenBuches
821 1717 1027 1784 adversus
1049 1717 1147 1785 Mar·

50 1823 213 1888 cionem
242 1821 287 1887 ist
308 1820 367 1889 der
396 1821 455 1887 der
477 1820 600 1887 Schrift
621 1821 669 1888 de
692 1819 813 1887 Carne
836 1820 995 1888 Christi
1017 1819 1147 1886 vorher·

49 1945 223 2010 gegangen.

49 2060 162 2128 XVIII.
207 2060 336 2127 Resurr.
361 2081 387 2125 c.
412 2065 445 2125 2:
468 2060 647 2145 Propterea
668 2068 702 2128 et
723 2083 783 2127 nos
811 2062 961 2129 volumen
981 2062 1146 2147 praemisi-

201 2184 271 2229 mus
292 2163 333 2230 de
355 2184 453 2231 carne
476 2162 602 2246 Christi,
623 2186 687 2248 quo
709 2186 780 2231 eam
809 2170 843 2232 et
864 2165 1002 2232 solidam
1029 2167 1147 2251 proba»

200 2288 270 2333 mus
286 2265 439 2333 adversus
460 2266 698 2352 phantasmatis
718 2268 906 2349 vanitatem,
930 2274 964 2335 et
973 2268 1147 2334 humanam

199 2368 397 2437 vindicamus
418 2369 572 2437 adversus
594 2371 761 2454 qualitatis
783 2372 1029 2456 proprietatem,
1056 2372 1146 2437 cuius

201 2473 343 2539 conditio
365 2472 526 2539 Christum
555 2478 589 2539 et
616 2472 778 2541 hominem
811 2480 844 2541 et
880 2474 981 2541 filium
1007 2473 1144 2540 hominis

202 2576 448 2662 inscripserit..
466 2625 499 2641 ..
522 2575 571 2642 De
594 2596 689 2644 carne
714 2599 789 2646 vero
815 2578 935 2645 domini
962 2579 1146 2663 (occursum

201 2682 263 2766 est)
286 2680 384 2747 etiam
405 2678 557 2746 adversus
581 2684 720 2763 quatuor
740 2680 889 2748 haereses
911 2682 953 2748 ad
973 2678 1058 2747 hano
1078 2700 1146 2745 ma-

201 2784 287 2850 xime
309 2782 528 2867 quaestionem
555 2785 827 2868 praestruendam.
886 2786 980 2871 (Jene
1001 2790 1022 2849 4
1044 2783 1146 2851 Hire-

202 2887 279 2968 sien,
302 2906 403 2970 gegeu
426 2885 543 2952 welche
565 2885 595 2954 d.
619 2886 722 2953 Carne
738 2888 810 2955 Chr.
833 2888 988 2974 gerichtet
1008 2888 1063 2967 ist,
1085 2907 1148 2951 wa·

201 3011 259 3057 ren
282 2988 334 3055 die
354 2988 577 3069 Marcioniten‚
601 2989 653 3055 die
667 2991 843 3075 Anhiinger
864 2991 920 3057 des
934 2989 1073 3075 Apelles,
1093 2988 1146 3054 die

202 3092 444 3161 Valentinianer
460 3092 527 3158 und
549 3091 600 3158 die
621 3093 780 3174 Doketen‚
804 3093 841 3159 cf.
865 3094 958 3160 Gsrn.
981 3115 1007 3159 c.
1032 3095 1074 3179 l).
1103 3129 1145 3141 -

203 3194 240 3262 ci.
258 3195 353 3262 Corn.
369 3216 395 3261 c.
411 3200 465 3261 25:
489 3194 534 3261 Ut
554 3200 661 3263 autem
682 3196 860 3264 clausulam
883 3196 923 3263 de
943 3195 1146 3281 praefatione

202 3299 362 3365 communi
391 3297 492 3365 faciat
518 3301 709 3367 resurrectio
738 3307 870 3369 nostrae
894 3300 1000 3367 carnis
1022 3298 1086 3366 alio
1109 3297 1148 3363 li·

201 3401 285 3470 bello
307 3400 541 3468 defendenda.
558 3451 566 3466 .

126 3507 195 3573 Die
209 3505 365 3572 Prioritiit
386 3504 444 3570 der
459 3501 580 3570 Schrift
600 3505 651 3571 de
673 3504 808 3573 Carne
830 3505 992 3573 Christi
1012 3526 1070 3571 vor
1091 3504 1149 3568 der

44 3608 89 3676 de
124 3606 456 3675 Resurrectione
490 3606 637 3674 Carnis
671 3608 716 3675 ist
752 3609 908 3676 demnach
941 3605 1149 3674 hinreichend

44 3712 195 3800 bezeugt

45 3849 125 3918 xlx
174 3849 276 3915 Marc.
294 3847 331 3915 V.
355 3868 382 3913 c.
404 3851 459 3912 10:
479 3849 689 3914 Revertamur
708 3869 791 3913 nunc
811 3846 854 3914 ad
875 3847 1151 3929 resurrectionem,

203 3952 256 4018 cui
278 3957 312 4018 et
333 3951 414 4017 alias
437 3950 566 4035 quidem
592 3953 724 4036 proprio
746 3950 906 4017 volumine
936 3950 1150 4018 satisfecimus

203 4055 353 4122 omnibus
375 4052 547 4120 haereticis
568 4054 772 4136 resistentem
803 4053 860 4120 sed
886 4076 959 4122 necv
974 4053 1028 4120 hio
1056 4054 1151 4121 desu-

201 4178 284 4240 mus,
306 4163 441 4242 propter
461 4176 516 4223 eos
540 4158 596 4241 qni
617 4154 696 4224 illud
716 4158 906 4243 opusculum
928 4157 1086 4241 ignorant

129 4263 180 4331 Es
212 4261 258 4329 ist
277 4260 395 4328 mithin
417 4258 470 4327 die
492 4258 614 4328 Schriit
635 4260 683 4329 de
704 4262 1030 4330 Resurrectioue
1051 4260 1151 4328 Gar·
