2874 5262
505 476 721 544 -23-

149 649 196 717 Es
218 646 291 715 sind
310 646 424 715 mithin
447 646 500 715 die
533 649 622 716 drei
651 656 791 719 ersten
816 651 943 720 Biieher
970 649 1163 718 adversus

58 754 315 822 Marcionem
332 773 389 818 vor
412 751 458 820 de
478 752 799 823 Resurrectione
821 756 967 823 Carnis
994 754 1163 840 niederge·

57 856 244 924 schriebem

53 994 165 1064 nvn.
211 993 305 1061 Carn.
327 1014 353 1059 c.
380 999 413 1058 7:
436 991 558 1059 Audiat
584 994 683 1078 igitur
704 998 739 1062 et
758 997 887 1081 Apelles
919 996 998 1080 quid
1028 997 1092 1062 iam
1113 1017 1163 1061 re-

218 1118 371 1183 sponsum
392 1096 436 1162 sit
455 1118 477 1163 a
497 1096 593 1163 nobis
615 1096 772 1166 Marcioni
792 1121 829 1167 eo
851 1099 964 1187 libello
984 1120 1046 1183 quo
1068 1119 1163 1164 evan·

217 1199 334 1286 galium
355 1200 456 1285 ipsius
478 1201 731 1284 provocavimus,
752 1202 1019 1269 considerandam
1040 1201 1163 1267 scilicet

216 1304 388 1370 materiam
414 1303 684 1388 pronuntiationis
711 1306 816 1372 istius.
846 1343 887 1356 -
916 1305 953 1371 ct
984 1305 1085 1372 Marc.
1107 1305 1159 1371 IV.

216 1429 243 1474 c.
269 1413 325 1474 19:
358 1407 513 1474 Venimus
541 1409 585 1475 ad
612 1408 908 1475 constantissimum
936 1413 1162 1492 argumentum

215 1510 358 1578 omnium
389 1510 445 1594 qui
468 1510 587 1577 domini
616 1510 817 1578 nativitatem
844 1512 879 1577 in
902 1511 1160 1601 ‚controversiam

214 1613 363 1681 deferunt
385 1618 447 1682 etc.
471 1613 534 1698 (bis
556 1636 629 1679 zum
651 1612 803 1681 Sohlusse
825 1613 883 1680 des
907 1613 1009 1700 Cap).

140 1718 207 1785 Die
228 1716 413 1802 Abiassung
436 1716 492 1783 des
513 1716 670 1784 vierten
684 1716 811 1785 Buches
833 1719 1039 1784 adversus
1060 1717 1159 1784 Mar·

47 1824 225 1889 cionem
255 1820 299 1887 ist
320 1819 379 1889 der
408 1819 468 1887 der
489 1819 612 1886 Schrift
634 1820 681 1888 de
704 1818 825 1886 Carne
849 1818 1007 1887 Christi
1030 1818 1159 1886 vcrher·

46 1946 236 2011 gegangen.

46 2061 175 2129 XVHI.
220 2061 348 2127 Resurr.
373 2081 399 2125 c.
424 2065 457 2125 2:
480 2060 659 2145 Propterea
680 2067 714 2127 et
735 2082 794 2127 nos
823 2060 972 2127 volumen
993 2061 1158 2146 praemisi-

213 2185 283 2229 mus
304 2163 345 2230 de
368 2184 465 2229 carne
488 2162 699 2247 Christique
721 2185 792 2230 eam
821 2170 855 2231 et
876 2164 1014 2231 solidam
1041 2165 1159 2250 proha-

212 2288 282 2333 mus
298 2265 451 2333 adversus
472 2265 710 2351 phantasmatis
730 2267 918 2348 vanitatem,
942 2273 976 2333 et
985 2268 1159 2333 humanam

212 2369 409 2437 vindicamus
430 2369 584 2436 adversus
606 2371 773 2454 qualitatis
795 2371 1042 2457 proprietatem,
1068 2370 1157 2436 cuius

214 2473 355 2539 conditio
378 2472 539 2539 Christum
567 2478 600 2538 et
628 2472 790 2541 hominem
823 2479 857 2540 et
892 2473 993 2540 filium
1019 2472 1156 2539 hominis

215 2577 460 2661 inscripserit..
479 2626 511 2641 ..
534 2575 583 2642 De
606 2596 701 2643 carne
726 2598 801 2645 vero
827 2578 947 2646 domini
974 2578 1159 2662 (occumnm

213 2682 275 2766 est)
298 2680 397 2747 etiam
417 2678 570 2746 adversus
593 2683 732 2763 quatuor
752 2680 900 2748 haereses
922 2681 966 2748 ad
986 2679 1070 2745 hanc
1091 2700 1158 2743 ma·

214 2783 299 2849 xime
321 2781 539 2866 quaestionem
567 2785 839 2867 praestruendam.
898 2785 992 2871 (Jene
1013 2790 1034 2849 4
1056 2782 1158 2849 H‘are-

214 2887 291 2967 sien,
314 2904 416 2969 gagen
438 2884 554 2951 welche
577 2885 607 2953 <h
631 2885 734 2952 Carne
750 2888 823 2954 Chr.
845 2887 1000 2973 gerichtet
1020 2887 1075 2967 ist,
1097 2906 1160 2950 vva-

214 3011 272 3056 ren
294 2987 346 3055 die
367 2987 590 3069 Marcioniten,
613 2988 665 3055 die
680 2990 855 3074 Anhhnger
876 2991 932 3057 des
946 2989 1085 3074 Apellea,
1106 2987 1158 3053 die

214 3091 456 3160 Valentinianer
473 3091 539 3157 und
561 3091 613 3157 die
633 3092 792 3174 Doketen,
816 3092 853 3158 cf.
877 3092 970 3159 Carn.
993 3114 1019 3158 c.
1044 3094 1086 3178 1).
1115 3128 1157 3140 -

215 3194 253 3260 cf.
271 3194 366 3262 Carn.
382 3215 408 3261 c.
424 3198 477 3260 25:
501 3193 546 3260 Ut
566 3199 672 3263 autem
694 3195 872 3263 clausulam
895 3195 936 3262 de
955 3193 1158 3280 praefatione

215 3298 375 3364 communi
404 3296 506 3364 faciat
531 3300 722 3366 resurrectio
751 3306 882 3367 nostrae
906 3298 1012 3366 carnis
1034 3297 1099 3364 alio
1121 3296 1160 3361 li-

214 3401 298 3469 bello
320 3399 553 3467 defendenda.
571 3448 578 3464 .

144 3505 209 3571 Die
222 3504 377 3570 Prioritiit
399 3503 457 3570 der
472 3502 592 3569 Schrist
612 3503 663 3570 de
686 3504 821 3572 Carne
843 3504 1004 3572 Christi
1024 3524 1082 3569 vor
1103 3501 1161 3567 der

47 3611 103 3676 (le
143 3605 468 3674 Resurrectione
503 3605 649 3673 Carnis
683 3608 729 3675 ist
764 3608 921 3675 demnach
954 3601 1161 3672 hinreiohend

47 3715 208 3798 hezengt

50 3851 144 3919 m„
189 3848 288 3914 Marc.
308 3845 344 3913 V.
368 3866 395 3911 c.
417 3851 472 3911 10:
491 3848 702 3913 Revertamur
720 3868 803 3913 nunc
823 3845 867 3913 ad
887 3845 1163 3927 resurrectionem,

217 3951 270 4017 cni
291 3955 325 4017 et
346 3950 426 4016 alias
449 3949 579 4034 quidem
605 3951 737 4036 proprio
759 3949 919 4016 volumine
948 3949 1162 4015 satisfecimus

217 4054 366 4121 omnibus
387 4051 560 4120 haereticis
581 4053 785 4135 resistentes3
815 4053 872 4119 sed
899 4074 959 4120 nec
987 4052 1040 4119 hic
1069 4052 1163 4120 desu-

214 4177 296 4240 mus,
319 4160 455 4241 propter
474 4176 529 4222 eos
552 4157 609 4241 qui
629 4155 709 4222 illud
728 4156 918 4241 opusculum
940 4156 1099 4239 ignorant.

146 4262 194 4330 Es
225 4261 271 4328 ist
290 4259 407 4327 mithin
430 4257 483 4326 die
505 4257 627 4327 Sohrilt
648 4259 696 4326 de
717 4261 1043 4329 Resurrectione
1064 4259 1163 4327 Car·
