2874 5262
517 472 733 535 *19*-

229 645 377 712 volumen
399 642 573 725 edidimus,
596 643 670 727 ipsa
691 643 790 709 etiam
810 626 1001 710 idololatria
1022 661 1062 706 ex
1081 638 1176 706 rebus

230 749 283 814 dei
304 753 440 815 constet.

162 851 206 917 Es
227 853 270 918 ist
291 848 449 917 demnech
471 849 520 913 de
541 846 802 930 Spectaculis
821 849 943 916 ·friiher
963 847 1177 934 geschriebeu,

88 954 130 1021 als
151 955 198 1021 de
219 954 344 1021 Cultu
366 952 627 1019 Feminarum
648 951 672 1016 I.
884 1002 887 1009 .

86 1057 133 1123 lv.
177 1057 291 1124 Ceron.
312 1079 337 1124 c
360 1060 396 1120 ὃς
419 1054 472 1121 Sic
492 1055 604 1139 itaque
633 1061 666 1120 et
696 1055 781 1120 circa
801 1055 984 1139 voluptates
1015 1057 1180 1137 spectacu-

230 1160 335 1227 lorum
356 1158 516 1225 infamata
537 1158 679 1224 conditio
704 1163 753 1224 est
766 1159 807 1225 ab
831 1159 877 1249 eis
901 1158 957 1242 qui
978 1163 1094 1224 natura
1108 1157 1179 1240 qui·

231 1264 304 1330 dem
334 1262 442 1328 omnia
471 1261 523 1326 dei
552 1261 696 1327 sentiunt
718 1281 757 1326 ex
786 1262 903 1346 quibus
926 1261 1111 1345 spectacula
1131 1261 1179 1326 in-

231 1372 415 1446 struuntur,
447 1364 582 1430 scientia
620 1369 728 1430 autem
760 1364 913 1431 deficiunt
939 1363 1018 1429 illud
1050 1384 1178 1447 quoque

230 1468 427 1552 intellegere,
450 1468 559 1532 omnia
574 1488 685 1533 essee
713 1467 843 1533 diabolo
865 1473 999 1534 mutata.
1053 1465 1116 1531 Sed
1146 1471 1179 1531 et

230 1571 304 1637 huic
343 1571 499 1637 materiae
542 1574 676 1653 propter
718 1571 915 1637 suaviludios
957 1574 1085 1636 nostros
1123 1568 1179 1653 [=

229 1680 323 1740 unter
351 1696 411 1740 uns
443 1673 602 1759 Christen]
626 1673 750 1740 Graeco
780 1696 908 1759 quoque
937 1672 1011 1739 stilo
1038 1670 1179 1737 statisfa-

231 1779 333 1844 cimus
346 1780 384 1863 ⁶).

162 1881 224 1946 Die
253 1880 374 1945 Schrift
402 1879 448 1945 de
473 1878 748 1964 Spectaculis
778 1878 823 1944 ist
849 1878 933 1943 auch
961 1876 1101 1944 verder
1130 1875 1178 1941 de

84 1982 244 2051 (lerona
263 1982 418 2048 Militis
441 1981 586 2059 verfasst.
872 1974 874 1977 ’

85 2086 117 2151 V.
160 2086 292 2154 Testim.
316 2108 342 2152 c.
368 2090 402 2149 5:
427 2084 507 2151 Cum
529 2085 656 2151 divinae
679 2086 868 2170 scripturae,
891 2107 976 2170 quae
997 2105 1096 2169 penes
1118 2106 1176 2151 nos

238 2188 290 2255 vel
311 2188 448 2255 Iudaeos
470 2194 562 2270 sunt,
583 2189 618 2253 in
641 2209 779 2273 quorum
800 2187 872 2254 olea
904 2209 944 2253 ex
971 2188 1109 2256 oleastro
1131 2188 1178 2253 in-

234 2293 290 2357 siti
308 2312 429 2371 snmus,
450 2291 552 2357 multo
575 2291 798 2357 saecularibus
818 2290 935 2372 literis,
963 2312 1028 2356 non
1050 2291 1180 2356 modica

234 2398 360 2459 tantum
383 2397 490 2459 aetate
510 2395 617 2477 aliqua
640 2394 849 2475 antecedant,
870 2398 907 2459 ut
927 2393 999 2459 loco
1021 2415 1078 2460 suo
1102 2393 1179 2461 edo·

234 2497 356 2564 enimus
392 2497 434 2561 ad
461 2495 557 2562 fidem
590 2519 701 2564 earum
738 2494 1033 2563 demonstrandam.¹
1063 2547 1101 2564 ..
1137 2536 1177 2546 -

233 2600 350 2667 Dieser
370 2598 508 2665 Hinweis
530 2600 660 2667 bezieht
681 2600 749 2666 sich
771 2599 830 2665 auf
844 2600 977 2683 Apolog.
1000 2620 1027 2666 c.
1053 2606 1106 2681 19,
1130 2624 1178 2666 wo

232 2702 410 2793 Tertullian
448 2703 785 2787 auseinandergesetrt
813 2702 921 2783 hatte,
952 2724 1006 2767 um
1027 2702 1085 2766 wie
1114 2703 1178 2768 viel

233 2807 287 2873 die
314 2804 443 2871 Biicher
479 2805 536 2872 des
563 2805 659 2871 Alten
687 2806 889 2872 Testaments
925 2805 989 2872 alle
1022 2804 1179 2872 weltliche

231 2909 394 2975 Literatur
416 2929 459 2973 an
476 2908 569 2974 Alter
591 2908 795 2992 iiberragten.

159 3012 207 3077 Es
229 3012 275 3077 ist
294 3011 410 3076 mithin
431 3011 489 3076 der
509 3011 813 3096 Apologeticus
836 3032 893 3076 vor
914 3013 972 3078 der
993 3012 1110 3079 Schrift
1132 3014 1179 3081 de

76 3112 337 3180 Testimonio
359 3114 529 3183 Animae
550 3114 768 3198 geschrieben.

76 3216 126 3282 VI.
170 3216 398 3284 Carmeli:
427 3216 557 3283 Plenius
578 3217 661 3285 haec
686 3220 895 3303 prosequitur
923 3219 1052 3285 libellus
1083 3242 1177 3303 quem

233 3320 416 3404 scripsimus
439 3318 479 3385 de
500 3306 696 3387 Testimonio
717 3323 865 3388 Animae.

157 3424 225 3490 Die
256 3422 378 3488 Schriit
407 3423 455 3488 de
486 3422 747 3491 Testimonio
772 3425 944 3491 Animae
973 3426 1018 3492 ist
1046 3426 1105 3493 der
1132 3428 1178 3493 de

76 3527 208 3594 Carne
233 3525 395 3592 Christi
415 3524 708 3612 vorhergegangen.

76 3630 141 3697 VIL
189 3630 310 3697 Ceron
333 3653 359 3697 c.
385 3638 412 3696 l.
435 3653 470 3715 p:
489 3637 566 3698 338:
589 3630 656 3696 Nec
677 3630 789 3698 dubito
813 3632 970 3715 quosdam
1001 3635 1179 3719 scripturas

232 3735 399 3818 emigrare,
422 3735 565 3801 sarcinae
589 3734 754 3818 expedire,
776 3733 873 3818 firgae
896 3737 1021 3822 accingi
1043 3737 1083 3804 de
1105 3738 1179 3804 civi-

140 3928 171 3993 6)
190 3923 492 3980 DieWorteGraeco
510 3938 651 3992 quoqne
669 3922 754 3980 stilo
775 3930 893 3989 musaeu,
913 3939 989 3980 wenn
1006 3924 1182 3980 diePartilrel

76 4026 212 4081 qnoque
240 4009 322 4064 einen
343 4009 408 4063 Sinn
434 4010 521 4078 geben
544 4010 611 4075 soll,
640 4009 681 4064 ale
705 4008 872 4065 Parenthese
895 4010 1046 4087 ausgeinsst
1068 4010 1182 4065 werden.

75 4098 227 4155 Tertullian
249 4096 326 4151 hatte
347 4096 385 4151 de
406 4094 682 4151 Coronalliilitis
698 4103 791 4150 zuerst
808 4095 952 4151 lateinisch
973 4096 1030 4151 und
1046 4096 1183 4150 unmittel·

75 4183 237 4240 nummus
254 4182 326 4237 auch
342 4181 493 4251 griechisch
507 4180 692 4249 geschrieben.
715 4211 743 4220 -
759 4181 863 4250 Wegen
881 4182 1115 4238 suaviludios
1132 4182 1183 4251 vgl.

76 4270 170 4328 liele.
183 4276 236 4328 2⁰:
257 4268 360 4324 Novam
376 4268 495 4335 proxime
512 4266 698 4322 defensionem
716 4268 914 4323 suaviludii
930 4266 1071 4323 cuiusdam
1085 4266 1184 4322 audivi.

931 4355 974 4420 2*
